<?xml version="1.0" encoding="utf-8"?>
<root>
  <ChainId>7290027600007</ChainId>
  <SubChainId>001</SubChainId>
  <StoreId>002</StoreId>
  <BikoretNo>8</BikoretNo>
  <DllVerNo>8.0.1.3</DllVerNo>
  <Items Count="604">
    <Item>
      <PriceUpdateDate>2024-12-25 07:00</PriceUpdateDate>
      <ItemCode>1210000100351</ItemCode>
      <ItemType>1</ItemType>
      <ItemName>ליקר סאות'רן קומפורט700מ</ItemName>
      <ManufacturerName>---</ManufacturerName>
      <ManufactureCountry>US</ManufactureCountry>
      <ManufacturerItemDescription>ליקר סאות'רן</ManufacturerItemDescription>
      <UnitQty>מיליליטרים</UnitQty>
      <Quantity>700.00</Quantity>
      <bIsWeighted>0</bIsWeighted>
      <UnitOfMeasure>100 מ"ל</UnitOfMeasure>
      <QtyInPackage>1</QtyInPackage>
      <ItemPrice>109.90</ItemPrice>
      <UnitOfMeasurePrice>15.70</UnitOfMeasurePrice>
      <AllowDiscount>1</AllowDiscount>
      <ItemStatus>0</ItemStatus>
    </Item>
    <Item>
      <PriceUpdateDate>2024-12-25 06:20</PriceUpdateDate>
      <ItemCode>16000423534</ItemCode>
      <ItemType>1</ItemType>
      <ItemName>קראנצי שיבולת ושוקולד5יח</ItemName>
      <ManufacturerName>ג'נרל מילס סאן אדריאן</ManufacturerName>
      <ManufactureCountry>ES</ManufactureCountry>
      <ManufacturerItemDescription>חטיף נייצ'ר ואלי</ManufacturerItemDescription>
      <UnitQty>גרמים</UnitQty>
      <Quantity>210.00</Quantity>
      <bIsWeighted>0</bIsWeighted>
      <UnitOfMeasure>100 גרם</UnitOfMeasure>
      <QtyInPackage>0</QtyInPackage>
      <ItemPrice>22.90</ItemPrice>
      <UnitOfMeasurePrice>10.90</UnitOfMeasurePrice>
      <AllowDiscount>1</AllowDiscount>
      <ItemStatus>0</ItemStatus>
    </Item>
    <Item>
      <PriceUpdateDate>2024-12-25 06:10</PriceUpdateDate>
      <ItemCode>25675120068</ItemCode>
      <ItemType>1</ItemType>
      <ItemName>חמצוצים בטעם קולה 100גרם</ItemName>
      <ManufacturerName>ירוג</ManufacturerName>
      <ManufactureCountry>NL</ManufactureCountry>
      <ManufacturerItemDescription>חמצוצים בטעם קולה 100גרם</ManufacturerItemDescription>
      <UnitQty>גרמים</UnitQty>
      <Quantity>100.00</Quantity>
      <bIsWeighted>0</bIsWeighted>
      <UnitOfMeasure>100 גרם</UnitOfMeasure>
      <QtyInPackage>0</QtyInPackage>
      <ItemPrice>12.90</ItemPrice>
      <UnitOfMeasurePrice>12.90</UnitOfMeasurePrice>
      <AllowDiscount>1</AllowDiscount>
      <ItemStatus>0</ItemStatus>
    </Item>
    <Item>
      <PriceUpdateDate>2024-12-25 12:17</PriceUpdateDate>
      <ItemCode>3145891165203</ItemCode>
      <ItemType>1</ItemType>
      <ItemName>קוקו מדמוזל שנל 100א אדפ</ItemName>
      <ManufacturerName>שאנל</ManufacturerName>
      <ManufactureCountry>US</ManufactureCountry>
      <ManufacturerItemDescription>קוקו מדמוזל שאנל</ManufacturerItemDescription>
      <UnitQty>מיליליטרים</UnitQty>
      <Quantity>100.00</Quantity>
      <bIsWeighted>0</bIsWeighted>
      <UnitOfMeasure>100 מ"ל</UnitOfMeasure>
      <QtyInPackage>1</QtyInPackage>
      <ItemPrice>770.00</ItemPrice>
      <UnitOfMeasurePrice>770.00</UnitOfMeasurePrice>
      <AllowDiscount>1</AllowDiscount>
      <ItemStatus>1</ItemStatus>
    </Item>
    <Item>
      <PriceUpdateDate>2024-12-25 12:17</PriceUpdateDate>
      <ItemCode>3147758155112</ItemCode>
      <ItemType>1</ItemType>
      <ItemName>Poeme אדפ ספריי אשה100מל</ItemName>
      <ManufacturerName>לנקום</ManufacturerName>
      <ManufactureCountry>FR</ManufactureCountry>
      <ManufacturerItemDescription>Poeme אדפ ספריי</ManufacturerItemDescription>
      <UnitQty>מיליליטרים</UnitQty>
      <Quantity>100.00</Quantity>
      <bIsWeighted>0</bIsWeighted>
      <UnitOfMeasure>100 מ"ל</UnitOfMeasure>
      <QtyInPackage>0</QtyInPackage>
      <ItemPrice>449.00</ItemPrice>
      <UnitOfMeasurePrice>449.00</UnitOfMeasurePrice>
      <AllowDiscount>1</AllowDiscount>
      <ItemStatus>1</ItemStatus>
    </Item>
    <Item>
      <PriceUpdateDate>2024-12-25 12:17</PriceUpdateDate>
      <ItemCode>3348900417878</ItemCode>
      <ItemType>1</ItemType>
      <ItemName>ז'אדור אדפ לאשה 100 מ"ל</ItemName>
      <ManufacturerName>כריסטיאן דיור</ManufacturerName>
      <ManufactureCountry>FR</ManufactureCountry>
      <ManufacturerItemDescription>בושם ז'אדור</ManufacturerItemDescription>
      <UnitQty>מיליליטרים</UnitQty>
      <Quantity>100.00</Quantity>
      <bIsWeighted>0</bIsWeighted>
      <UnitOfMeasure>100 מ"ל</UnitOfMeasure>
      <QtyInPackage>0</QtyInPackage>
      <ItemPrice>659.00</ItemPrice>
      <UnitOfMeasurePrice>659.00</UnitOfMeasurePrice>
      <AllowDiscount>1</AllowDiscount>
      <ItemStatus>1</ItemStatus>
    </Item>
    <Item>
      <PriceUpdateDate>2024-12-25 12:17</PriceUpdateDate>
      <ItemCode>3349666007921</ItemCode>
      <ItemType>1</ItemType>
      <ItemName>MILLION 1 א.ד.ט לגבר100מ</ItemName>
      <ManufacturerName>לילית בישום</ManufacturerName>
      <ManufactureCountry>FR</ManufactureCountry>
      <ManufacturerItemDescription>1 MILLION א.ד.ט לגבר100מ</ManufacturerItemDescription>
      <UnitQty>מיליליטרים</UnitQty>
      <Quantity>100.00</Quantity>
      <bIsWeighted>0</bIsWeighted>
      <UnitOfMeasure>100 מ"ל</UnitOfMeasure>
      <QtyInPackage>0</QtyInPackage>
      <ItemPrice>299.00</ItemPrice>
      <UnitOfMeasurePrice>299.00</UnitOfMeasurePrice>
      <AllowDiscount>1</AllowDiscount>
      <ItemStatus>1</ItemStatus>
    </Item>
    <Item>
      <PriceUpdateDate>2024-12-25 12:17</PriceUpdateDate>
      <ItemCode>3386460076388</ItemCode>
      <ItemType>1</ItemType>
      <ItemName>ROCHAS א.ד.ט לגבר</ItemName>
      <ManufacturerName>רבלון בישום</ManufacturerName>
      <ManufactureCountry>FR</ManufactureCountry>
      <ManufacturerItemDescription>ROCHAS א.ד.ט</ManufacturerItemDescription>
      <UnitQty>מיליליטרים</UnitQty>
      <Quantity>100.00</Quantity>
      <bIsWeighted>0</bIsWeighted>
      <UnitOfMeasure>100 מ"ל</UnitOfMeasure>
      <QtyInPackage>1</QtyInPackage>
      <ItemPrice>245.00</ItemPrice>
      <UnitOfMeasurePrice>245.00</UnitOfMeasurePrice>
      <AllowDiscount>1</AllowDiscount>
      <ItemStatus>1</ItemStatus>
    </Item>
    <Item>
      <PriceUpdateDate>2024-12-25 12:17</PriceUpdateDate>
      <ItemCode>3414204200949</ItemCode>
      <ItemType>1</ItemType>
      <ItemName>סקלפצ'ר א.ד.ט לגבר100מל</ItemName>
      <ManufacturerName>לילית בישום</ManufacturerName>
      <ManufactureCountry>IL</ManufactureCountry>
      <ManufacturerItemDescription>SCULPTURE א.ד.ט</ManufacturerItemDescription>
      <UnitQty>מיליליטרים</UnitQty>
      <Quantity>100.00</Quantity>
      <bIsWeighted>0</bIsWeighted>
      <UnitOfMeasure>100 מ"ל</UnitOfMeasure>
      <QtyInPackage>0</QtyInPackage>
      <ItemPrice>99.00</ItemPrice>
      <UnitOfMeasurePrice>99.00</UnitOfMeasurePrice>
      <AllowDiscount>1</AllowDiscount>
      <ItemStatus>1</ItemStatus>
    </Item>
    <Item>
      <PriceUpdateDate>2024-12-25 12:17</PriceUpdateDate>
      <ItemCode>3423470890020</ItemCode>
      <ItemType>1</ItemType>
      <ItemName>Her For א.ד.ט לאישה100מל</ItemName>
      <ManufacturerName>נרסיסו רדריגז</ManufacturerName>
      <ManufactureCountry>FR</ManufactureCountry>
      <ManufacturerItemDescription>נרסיסו א.ד.ט אשה</ManufacturerItemDescription>
      <UnitQty>מיליליטרים</UnitQty>
      <Quantity>100.00</Quantity>
      <bIsWeighted>0</bIsWeighted>
      <UnitOfMeasure>100 מ"ל</UnitOfMeasure>
      <QtyInPackage>1</QtyInPackage>
      <ItemPrice>499.00</ItemPrice>
      <UnitOfMeasurePrice>499.00</UnitOfMeasurePrice>
      <AllowDiscount>1</AllowDiscount>
      <ItemStatus>1</ItemStatus>
    </Item>
    <Item>
      <PriceUpdateDate>2024-12-25 12:17</PriceUpdateDate>
      <ItemCode>3423478840652</ItemCode>
      <ItemType>1</ItemType>
      <ItemName>PUDREE NARCISO א.ד.פ אשה</ItemName>
      <ManufacturerName>נרסיסו רדריגז</ManufacturerName>
      <ManufactureCountry>FR</ManufactureCountry>
      <ManufacturerItemDescription>PUDREE NARCISO</ManufacturerItemDescription>
      <UnitQty>מיליליטרים</UnitQty>
      <Quantity>90.00</Quantity>
      <bIsWeighted>0</bIsWeighted>
      <UnitOfMeasure>100 מ"ל</UnitOfMeasure>
      <QtyInPackage>1</QtyInPackage>
      <ItemPrice>559.00</ItemPrice>
      <UnitOfMeasurePrice>621.11</UnitOfMeasurePrice>
      <AllowDiscount>1</AllowDiscount>
      <ItemStatus>1</ItemStatus>
    </Item>
    <Item>
      <PriceUpdateDate>2024-12-25 12:17</PriceUpdateDate>
      <ItemCode>3574660245844</ItemCode>
      <ItemType>1</ItemType>
      <ItemName>CLEAN DEEP תרחיץ לניקוי</ItemName>
      <ManufacturerName>ג'ונסון</ManufacturerName>
      <ManufactureCountry>GR</ManufactureCountry>
      <ManufacturerItemDescription>CLEAN DEEP תרחיץ</ManufacturerItemDescription>
      <UnitQty>מיליליטרים</UnitQty>
      <Quantity>200.00</Quantity>
      <bIsWeighted>0</bIsWeighted>
      <UnitOfMeasure>100 מ"ל</UnitOfMeasure>
      <QtyInPackage>0</QtyInPackage>
      <ItemPrice>61.90</ItemPrice>
      <UnitOfMeasurePrice>30.95</UnitOfMeasurePrice>
      <AllowDiscount>1</AllowDiscount>
      <ItemStatus>1</ItemStatus>
    </Item>
    <Item>
      <PriceUpdateDate>2024-12-25 12:17</PriceUpdateDate>
      <ItemCode>3574660569759</ItemCode>
      <ItemType>1</ItemType>
      <ItemName>VISIBLYCLRתרחיץ פנים200מ</ItemName>
      <ManufacturerName>ג'ונסון</ManufacturerName>
      <ManufactureCountry>GR</ManufactureCountry>
      <ManufacturerItemDescription>VISIBLYCLR תרחיץ</ManufacturerItemDescription>
      <UnitQty>מיליליטרים</UnitQty>
      <Quantity>200.00</Quantity>
      <bIsWeighted>0</bIsWeighted>
      <UnitOfMeasure>100 מ"ל</UnitOfMeasure>
      <QtyInPackage>1</QtyInPackage>
      <ItemPrice>61.90</ItemPrice>
      <UnitOfMeasurePrice>30.95</UnitOfMeasurePrice>
      <AllowDiscount>1</AllowDiscount>
      <ItemStatus>1</ItemStatus>
    </Item>
    <Item>
      <PriceUpdateDate>2024-12-25 12:17</PriceUpdateDate>
      <ItemCode>3574661039725</ItemCode>
      <ItemType>1</ItemType>
      <ItemName>ויזבלי פור&amp;שיין+משאבה200</ItemName>
      <ManufacturerName>ג'ונסון</ManufacturerName>
      <ManufactureCountry>GR</ManufactureCountry>
      <ManufacturerItemDescription>ויזבלי פור&amp;שיין+משאבה200</ManufacturerItemDescription>
      <UnitQty>מיליליטרים</UnitQty>
      <Quantity>200.00</Quantity>
      <bIsWeighted>0</bIsWeighted>
      <UnitOfMeasure>100 מ"ל</UnitOfMeasure>
      <QtyInPackage>1</QtyInPackage>
      <ItemPrice>61.90</ItemPrice>
      <UnitOfMeasurePrice>30.95</UnitOfMeasurePrice>
      <AllowDiscount>1</AllowDiscount>
      <ItemStatus>1</ItemStatus>
    </Item>
    <Item>
      <PriceUpdateDate>2024-12-25 12:17</PriceUpdateDate>
      <ItemCode>3574661333564</ItemCode>
      <ItemType>1</ItemType>
      <ItemName>ויזבל קליר תרחיץ יומי200</ItemName>
      <ManufacturerName>ג'ונסון</ManufacturerName>
      <ManufactureCountry>FR</ManufactureCountry>
      <ManufacturerItemDescription>תרחיץ יומי</ManufacturerItemDescription>
      <UnitQty>מיליליטרים</UnitQty>
      <Quantity>200.00</Quantity>
      <bIsWeighted>0</bIsWeighted>
      <UnitOfMeasure>100 מ"ל</UnitOfMeasure>
      <QtyInPackage>1</QtyInPackage>
      <ItemPrice>61.90</ItemPrice>
      <UnitOfMeasurePrice>30.95</UnitOfMeasurePrice>
      <AllowDiscount>1</AllowDiscount>
      <ItemStatus>1</ItemStatus>
    </Item>
    <Item>
      <PriceUpdateDate>2024-12-25 12:17</PriceUpdateDate>
      <ItemCode>3574661351711</ItemCode>
      <ItemType>1</ItemType>
      <ItemName>הידרו בוסט קרם לחות50מל</ItemName>
      <ManufacturerName>ג'ונסון</ManufacturerName>
      <ManufactureCountry>FR</ManufactureCountry>
      <ManufacturerItemDescription>קרם לחות</ManufacturerItemDescription>
      <UnitQty>מיליליטרים</UnitQty>
      <Quantity>50.00</Quantity>
      <bIsWeighted>0</bIsWeighted>
      <UnitOfMeasure>100 מ"ל</UnitOfMeasure>
      <QtyInPackage>1</QtyInPackage>
      <ItemPrice>84.50</ItemPrice>
      <UnitOfMeasurePrice>169.00</UnitOfMeasurePrice>
      <AllowDiscount>1</AllowDiscount>
      <ItemStatus>1</ItemStatus>
    </Item>
    <Item>
      <PriceUpdateDate>2024-12-25 12:17</PriceUpdateDate>
      <ItemCode>3574661497785</ItemCode>
      <ItemType>1</ItemType>
      <ItemName>קרם לחות אשכולית ורודה 5</ItemName>
      <ManufacturerName>כללי</ManufacturerName>
      <ManufactureCountry>FR</ManufactureCountry>
      <ManufacturerItemDescription>קרם לחות אשכולית</ManufacturerItemDescription>
      <UnitQty>מיליליטרים</UnitQty>
      <Quantity>50.00</Quantity>
      <bIsWeighted>0</bIsWeighted>
      <UnitOfMeasure>100 מ"ל</UnitOfMeasure>
      <QtyInPackage>1</QtyInPackage>
      <ItemPrice>55.90</ItemPrice>
      <UnitOfMeasurePrice>111.80</UnitOfMeasurePrice>
      <AllowDiscount>1</AllowDiscount>
      <ItemStatus>1</ItemStatus>
    </Item>
    <Item>
      <PriceUpdateDate>2024-12-25 12:17</PriceUpdateDate>
      <ItemCode>3574661498492</ItemCode>
      <ItemType>1</ItemType>
      <ItemName>ויזבלי קליר פור&amp;שיין 150</ItemName>
      <ManufacturerName>ג'ונסון</ManufacturerName>
      <ManufactureCountry>FR</ManufactureCountry>
      <ManufacturerItemDescription>ויזבלי קליר</ManufacturerItemDescription>
      <UnitQty>מיליליטרים</UnitQty>
      <Quantity>150.00</Quantity>
      <bIsWeighted>0</bIsWeighted>
      <UnitOfMeasure>100 מ"ל</UnitOfMeasure>
      <QtyInPackage>1</QtyInPackage>
      <ItemPrice>59.90</ItemPrice>
      <UnitOfMeasurePrice>39.93</UnitOfMeasurePrice>
      <AllowDiscount>1</AllowDiscount>
      <ItemStatus>1</ItemStatus>
    </Item>
    <Item>
      <PriceUpdateDate>2024-12-25 12:17</PriceUpdateDate>
      <ItemCode>3574661499666</ItemCode>
      <ItemType>1</ItemType>
      <ItemName>ספוט קונטרול תרחיץ 150מל</ItemName>
      <ManufacturerName>כללי</ManufacturerName>
      <ManufactureCountry>FR</ManufactureCountry>
      <ManufacturerItemDescription>ספוט קונטרול תרח</ManufacturerItemDescription>
      <UnitQty>מיליליטרים</UnitQty>
      <Quantity>150.00</Quantity>
      <bIsWeighted>0</bIsWeighted>
      <UnitOfMeasure>100 מ"ל</UnitOfMeasure>
      <QtyInPackage>1</QtyInPackage>
      <ItemPrice>71.90</ItemPrice>
      <UnitOfMeasurePrice>47.93</UnitOfMeasurePrice>
      <AllowDiscount>1</AllowDiscount>
      <ItemStatus>1</ItemStatus>
    </Item>
    <Item>
      <PriceUpdateDate>2024-12-25 12:17</PriceUpdateDate>
      <ItemCode>3574661529240</ItemCode>
      <ItemType>1</ItemType>
      <ItemName>כורכום מסיר איפור ג'ל 20</ItemName>
      <ManufacturerName>כללי</ManufacturerName>
      <ManufactureCountry>FR</ManufactureCountry>
      <ManufacturerItemDescription>כורכום מסיר איפו</ManufacturerItemDescription>
      <UnitQty>מיליליטרים</UnitQty>
      <Quantity>200.00</Quantity>
      <bIsWeighted>0</bIsWeighted>
      <UnitOfMeasure>100 מ"ל</UnitOfMeasure>
      <QtyInPackage>1</QtyInPackage>
      <ItemPrice>40.90</ItemPrice>
      <UnitOfMeasurePrice>20.45</UnitOfMeasurePrice>
      <AllowDiscount>1</AllowDiscount>
      <ItemStatus>1</ItemStatus>
    </Item>
    <Item>
      <PriceUpdateDate>2024-12-25 12:17</PriceUpdateDate>
      <ItemCode>3600521720219</ItemCode>
      <ItemType>1</ItemType>
      <ItemName>פעולה משולשת קרם לילה50מ</ItemName>
      <ManufacturerName>קרלסרו, גרמניה</ManufacturerName>
      <ManufactureCountry>DE</ManufactureCountry>
      <ManufacturerItemDescription>קרם לילה</ManufacturerItemDescription>
      <UnitQty>מיליליטרים</UnitQty>
      <Quantity>50.00</Quantity>
      <bIsWeighted>0</bIsWeighted>
      <UnitOfMeasure>100 מ"ל</UnitOfMeasure>
      <QtyInPackage>0</QtyInPackage>
      <ItemPrice>50.90</ItemPrice>
      <UnitOfMeasurePrice>101.80</UnitOfMeasurePrice>
      <AllowDiscount>1</AllowDiscount>
      <ItemStatus>1</ItemStatus>
    </Item>
    <Item>
      <PriceUpdateDate>2024-12-25 12:17</PriceUpdateDate>
      <ItemCode>3600522480129</ItemCode>
      <ItemType>1</ItemType>
      <ItemName>רויטליפט לייזר קרם 50מל</ItemName>
      <ManufacturerName>קרלסרו</ManufacturerName>
      <ManufactureCountry>DE</ManufactureCountry>
      <ManufacturerItemDescription>קרם מסכה לילה</ManufacturerItemDescription>
      <UnitQty>מיליליטרים</UnitQty>
      <Quantity>50.00</Quantity>
      <bIsWeighted>0</bIsWeighted>
      <UnitOfMeasure>100 מ"ל</UnitOfMeasure>
      <QtyInPackage>1</QtyInPackage>
      <ItemPrice>110.50</ItemPrice>
      <UnitOfMeasurePrice>221.00</UnitOfMeasurePrice>
      <AllowDiscount>1</AllowDiscount>
      <ItemStatus>1</ItemStatus>
    </Item>
    <Item>
      <PriceUpdateDate>2024-12-25 12:17</PriceUpdateDate>
      <ItemCode>3600522550129</ItemCode>
      <ItemType>1</ItemType>
      <ItemName>SPECIALIST AGE קרם יום</ItemName>
      <ManufacturerName>קרלסרו, גרמניה</ManufacturerName>
      <ManufactureCountry>DE</ManufactureCountry>
      <ManufacturerItemDescription>AGE SPECIALIST קרם יום</ManufacturerItemDescription>
      <UnitQty>מיליליטרים</UnitQty>
      <Quantity>50.00</Quantity>
      <bIsWeighted>0</bIsWeighted>
      <UnitOfMeasure>100 מ"ל</UnitOfMeasure>
      <QtyInPackage>1</QtyInPackage>
      <ItemPrice>61.50</ItemPrice>
      <UnitOfMeasurePrice>123.00</UnitOfMeasurePrice>
      <AllowDiscount>1</AllowDiscount>
      <ItemStatus>1</ItemStatus>
    </Item>
    <Item>
      <PriceUpdateDate>2024-12-25 12:17</PriceUpdateDate>
      <ItemCode>3600522550167</ItemCode>
      <ItemType>1</ItemType>
      <ItemName>ק.לילה45 אייג פשיאליסט50</ItemName>
      <ManufacturerName>קרלסרו, גרמניה</ManufacturerName>
      <ManufactureCountry>DE</ManufactureCountry>
      <ManufacturerItemDescription>קרם לילה</ManufacturerItemDescription>
      <UnitQty>מיליליטרים</UnitQty>
      <Quantity>50.00</Quantity>
      <bIsWeighted>0</bIsWeighted>
      <UnitOfMeasure>100 מ"ל</UnitOfMeasure>
      <QtyInPackage>1</QtyInPackage>
      <ItemPrice>61.50</ItemPrice>
      <UnitOfMeasurePrice>123.00</UnitOfMeasurePrice>
      <AllowDiscount>1</AllowDiscount>
      <ItemStatus>1</ItemStatus>
    </Item>
    <Item>
      <PriceUpdateDate>2024-12-25 12:17</PriceUpdateDate>
      <ItemCode>3600522550204</ItemCode>
      <ItemType>1</ItemType>
      <ItemName>קרם יום ALIST SPECI AGE</ItemName>
      <ManufacturerName>קרלסרו, גרמניה</ManufacturerName>
      <ManufactureCountry>DE</ManufactureCountry>
      <ManufacturerItemDescription>קרם יום</ManufacturerItemDescription>
      <UnitQty>מיליליטרים</UnitQty>
      <Quantity>50.00</Quantity>
      <bIsWeighted>0</bIsWeighted>
      <UnitOfMeasure>100 מ"ל</UnitOfMeasure>
      <QtyInPackage>1</QtyInPackage>
      <ItemPrice>61.50</ItemPrice>
      <UnitOfMeasurePrice>123.00</UnitOfMeasurePrice>
      <AllowDiscount>1</AllowDiscount>
      <ItemStatus>1</ItemStatus>
    </Item>
    <Item>
      <PriceUpdateDate>2024-12-25 12:17</PriceUpdateDate>
      <ItemCode>3600522632436</ItemCode>
      <ItemType>1</ItemType>
      <ItemName>ק.לילה55 אייג ספשיאליסט</ItemName>
      <ManufacturerName>קרלסרו, גרמניה</ManufacturerName>
      <ManufactureCountry>DE</ManufactureCountry>
      <ManufacturerItemDescription>קרם לילה</ManufacturerItemDescription>
      <UnitQty>מיליליטרים</UnitQty>
      <Quantity>50.00</Quantity>
      <bIsWeighted>0</bIsWeighted>
      <UnitOfMeasure>100 מ"ל</UnitOfMeasure>
      <QtyInPackage>1</QtyInPackage>
      <ItemPrice>61.50</ItemPrice>
      <UnitOfMeasurePrice>123.00</UnitOfMeasurePrice>
      <AllowDiscount>1</AllowDiscount>
      <ItemStatus>1</ItemStatus>
    </Item>
    <Item>
      <PriceUpdateDate>2024-12-25 12:17</PriceUpdateDate>
      <ItemCode>3600522838586</ItemCode>
      <ItemType>1</ItemType>
      <ItemName>רויטליפט לייזר קרם 50מל</ItemName>
      <ManufacturerName>קרלסרו, גרמניה</ManufacturerName>
      <ManufactureCountry>DE</ManufactureCountry>
      <ManufacturerItemDescription>קרם מסכה לילה</ManufacturerItemDescription>
      <UnitQty>מיליליטרים</UnitQty>
      <Quantity>50.00</Quantity>
      <bIsWeighted>0</bIsWeighted>
      <UnitOfMeasure>100 מ"ל</UnitOfMeasure>
      <QtyInPackage>0</QtyInPackage>
      <ItemPrice>110.50</ItemPrice>
      <UnitOfMeasurePrice>221.00</UnitOfMeasurePrice>
      <AllowDiscount>1</AllowDiscount>
      <ItemStatus>1</ItemStatus>
    </Item>
    <Item>
      <PriceUpdateDate>2024-12-25 12:17</PriceUpdateDate>
      <ItemCode>3600523206834</ItemCode>
      <ItemType>1</ItemType>
      <ItemName>REVITALIFT קרם יום50מ"ל</ItemName>
      <ManufacturerName>קרלסרו, גרמניה</ManufacturerName>
      <ManufactureCountry>DE</ManufactureCountry>
      <ManufacturerItemDescription>קרם יום</ManufacturerItemDescription>
      <UnitQty>מיליליטרים</UnitQty>
      <Quantity>50.00</Quantity>
      <bIsWeighted>0</bIsWeighted>
      <UnitOfMeasure>100 מ"ל</UnitOfMeasure>
      <QtyInPackage>1</QtyInPackage>
      <ItemPrice>112.00</ItemPrice>
      <UnitOfMeasurePrice>224.00</UnitOfMeasurePrice>
      <AllowDiscount>1</AllowDiscount>
      <ItemStatus>1</ItemStatus>
    </Item>
    <Item>
      <PriceUpdateDate>2024-12-25 12:17</PriceUpdateDate>
      <ItemCode>3600523216086</ItemCode>
      <ItemType>1</ItemType>
      <ItemName>קרם יום גולדן אייג' 50מל</ItemName>
      <ManufacturerName>קרלסרו, גרמניה</ManufacturerName>
      <ManufactureCountry>DE</ManufactureCountry>
      <ManufacturerItemDescription>קרם יום</ManufacturerItemDescription>
      <UnitQty>מיליליטרים</UnitQty>
      <Quantity>50.00</Quantity>
      <bIsWeighted>0</bIsWeighted>
      <UnitOfMeasure>100 מ"ל</UnitOfMeasure>
      <QtyInPackage>1</QtyInPackage>
      <ItemPrice>120.00</ItemPrice>
      <UnitOfMeasurePrice>240.00</UnitOfMeasurePrice>
      <AllowDiscount>1</AllowDiscount>
      <ItemStatus>1</ItemStatus>
    </Item>
    <Item>
      <PriceUpdateDate>2024-12-25 12:17</PriceUpdateDate>
      <ItemCode>3600523242641</ItemCode>
      <ItemType>1</ItemType>
      <ItemName>קרם לילה  גולדן אייג50'מ</ItemName>
      <ManufacturerName>קרלסרו, גרמניה</ManufacturerName>
      <ManufactureCountry>DE</ManufactureCountry>
      <ManufacturerItemDescription>קרם לילה</ManufacturerItemDescription>
      <UnitQty>מיליליטרים</UnitQty>
      <Quantity>50.00</Quantity>
      <bIsWeighted>0</bIsWeighted>
      <UnitOfMeasure>100 מ"ל</UnitOfMeasure>
      <QtyInPackage>1</QtyInPackage>
      <ItemPrice>120.00</ItemPrice>
      <UnitOfMeasurePrice>240.00</UnitOfMeasurePrice>
      <AllowDiscount>1</AllowDiscount>
      <ItemStatus>1</ItemStatus>
    </Item>
    <Item>
      <PriceUpdateDate>2024-12-25 12:17</PriceUpdateDate>
      <ItemCode>3600523279111</ItemCode>
      <ItemType>1</ItemType>
      <ItemName>רויטליפט קלאסי סרום30 מל</ItemName>
      <ManufacturerName>קרלסרו, גרמניה</ManufacturerName>
      <ManufactureCountry>DE</ManufactureCountry>
      <ManufacturerItemDescription>רויטליפט קלאסי ס</ManufacturerItemDescription>
      <UnitQty>מיליליטרים</UnitQty>
      <Quantity>30.00</Quantity>
      <bIsWeighted>0</bIsWeighted>
      <UnitOfMeasure>100 מ"ל</UnitOfMeasure>
      <QtyInPackage>1</QtyInPackage>
      <ItemPrice>89.90</ItemPrice>
      <UnitOfMeasurePrice>299.67</UnitOfMeasurePrice>
      <AllowDiscount>1</AllowDiscount>
      <ItemStatus>1</ItemStatus>
    </Item>
    <Item>
      <PriceUpdateDate>2024-12-25 12:17</PriceUpdateDate>
      <ItemCode>3600523305957</ItemCode>
      <ItemType>1</ItemType>
      <ItemName>CLAY PURE מסכת חימר</ItemName>
      <ManufacturerName>קרלסרו, גרמניה</ManufacturerName>
      <ManufactureCountry>DE</ManufactureCountry>
      <ManufacturerItemDescription>מסכה לפנים</ManufacturerItemDescription>
      <UnitQty>מיליליטרים</UnitQty>
      <Quantity>50.00</Quantity>
      <bIsWeighted>0</bIsWeighted>
      <UnitOfMeasure>100 מ"ל</UnitOfMeasure>
      <QtyInPackage>1</QtyInPackage>
      <ItemPrice>61.50</ItemPrice>
      <UnitOfMeasurePrice>123.00</UnitOfMeasurePrice>
      <AllowDiscount>1</AllowDiscount>
      <ItemStatus>1</ItemStatus>
    </Item>
    <Item>
      <PriceUpdateDate>2024-12-25 12:17</PriceUpdateDate>
      <ItemCode>3600523363193</ItemCode>
      <ItemType>1</ItemType>
      <ItemName>HG ג'ל לחות לעור יבש 70מ</ItemName>
      <ManufacturerName>לוריאל פרודקשן דויטשלנד,</ManufacturerName>
      <ManufactureCountry>DE</ManufactureCountry>
      <ManufacturerItemDescription>HG גל לחות לעור יבש 70מ</ManufacturerItemDescription>
      <UnitQty>מיליליטרים</UnitQty>
      <Quantity>70.00</Quantity>
      <bIsWeighted>0</bIsWeighted>
      <UnitOfMeasure>100 מ"ל</UnitOfMeasure>
      <QtyInPackage>1</QtyInPackage>
      <ItemPrice>61.90</ItemPrice>
      <UnitOfMeasurePrice>88.43</UnitOfMeasurePrice>
      <AllowDiscount>1</AllowDiscount>
      <ItemStatus>1</ItemStatus>
    </Item>
    <Item>
      <PriceUpdateDate>2024-12-25 12:17</PriceUpdateDate>
      <ItemCode>3600523430932</ItemCode>
      <ItemType>1</ItemType>
      <ItemName>פיור קלי תרחיץ שחור150מל</ItemName>
      <ManufacturerName>סופרורל</ManufacturerName>
      <ManufactureCountry>FR</ManufactureCountry>
      <ManufacturerItemDescription>תרחיץ פיור קלי</ManufacturerItemDescription>
      <UnitQty>מיליליטרים</UnitQty>
      <Quantity>150.00</Quantity>
      <bIsWeighted>0</bIsWeighted>
      <UnitOfMeasure>100 מ"ל</UnitOfMeasure>
      <QtyInPackage>1</QtyInPackage>
      <ItemPrice>40.90</ItemPrice>
      <UnitOfMeasurePrice>27.27</UnitOfMeasurePrice>
      <AllowDiscount>1</AllowDiscount>
      <ItemStatus>1</ItemStatus>
    </Item>
    <Item>
      <PriceUpdateDate>2024-12-25 12:17</PriceUpdateDate>
      <ItemCode>3600523464548</ItemCode>
      <ItemType>1</ItemType>
      <ItemName>HG ג'ל לחות לעור עדין70מ</ItemName>
      <ManufacturerName>לוריאל פרודקשן דויטשלנד,</ManufacturerName>
      <ManufactureCountry>DE</ManufactureCountry>
      <ManufacturerItemDescription>HG ג'ל לחות</ManufacturerItemDescription>
      <UnitQty>מיליליטרים</UnitQty>
      <Quantity>70.00</Quantity>
      <bIsWeighted>0</bIsWeighted>
      <UnitOfMeasure>100 מ"ל</UnitOfMeasure>
      <QtyInPackage>1</QtyInPackage>
      <ItemPrice>61.90</ItemPrice>
      <UnitOfMeasurePrice>88.43</UnitOfMeasurePrice>
      <AllowDiscount>1</AllowDiscount>
      <ItemStatus>1</ItemStatus>
    </Item>
    <Item>
      <PriceUpdateDate>2024-12-25 12:17</PriceUpdateDate>
      <ItemCode>3600523716470</ItemCode>
      <ItemType>1</ItemType>
      <ItemName>רויטליפט קרם יוםאדום50מל</ItemName>
      <ManufacturerName>קרלסרו, גרמניה</ManufacturerName>
      <ManufactureCountry>DE</ManufactureCountry>
      <ManufacturerItemDescription>קרם יום אדום</ManufacturerItemDescription>
      <UnitQty>מיליליטרים</UnitQty>
      <Quantity>50.00</Quantity>
      <bIsWeighted>0</bIsWeighted>
      <UnitOfMeasure>100 מ"ל</UnitOfMeasure>
      <QtyInPackage>1</QtyInPackage>
      <ItemPrice>89.90</ItemPrice>
      <UnitOfMeasurePrice>179.80</UnitOfMeasurePrice>
      <AllowDiscount>1</AllowDiscount>
      <ItemStatus>1</ItemStatus>
    </Item>
    <Item>
      <PriceUpdateDate>2024-12-25 12:17</PriceUpdateDate>
      <ItemCode>3600523716524</ItemCode>
      <ItemType>1</ItemType>
      <ItemName>רויטליפט קרם יוםאדום50מל</ItemName>
      <ManufacturerName>קרלסרו, גרמניה</ManufacturerName>
      <ManufactureCountry>DE</ManufactureCountry>
      <ManufacturerItemDescription>קרם יום אדום</ManufacturerItemDescription>
      <UnitQty>מיליליטרים</UnitQty>
      <Quantity>50.00</Quantity>
      <bIsWeighted>0</bIsWeighted>
      <UnitOfMeasure>100 מ"ל</UnitOfMeasure>
      <QtyInPackage>1</QtyInPackage>
      <ItemPrice>89.90</ItemPrice>
      <UnitOfMeasurePrice>179.80</UnitOfMeasurePrice>
      <AllowDiscount>1</AllowDiscount>
      <ItemStatus>1</ItemStatus>
    </Item>
    <Item>
      <PriceUpdateDate>2024-12-25 12:17</PriceUpdateDate>
      <ItemCode>3600523718597</ItemCode>
      <ItemType>1</ItemType>
      <ItemName>דרמו גולדן אייג' 15 מ"ל</ItemName>
      <ManufacturerName>כללי</ManufacturerName>
      <ManufactureCountry>IL</ManufactureCountry>
      <ManufacturerItemDescription>דרמו גולדן אייג'</ManufacturerItemDescription>
      <UnitQty>מיליליטרים</UnitQty>
      <Quantity>15.00</Quantity>
      <bIsWeighted>0</bIsWeighted>
      <UnitOfMeasure>100 מ"ל</UnitOfMeasure>
      <QtyInPackage>1</QtyInPackage>
      <ItemPrice>120.00</ItemPrice>
      <UnitOfMeasurePrice>800.00</UnitOfMeasurePrice>
      <AllowDiscount>1</AllowDiscount>
      <ItemStatus>1</ItemStatus>
    </Item>
    <Item>
      <PriceUpdateDate>2024-12-25 12:17</PriceUpdateDate>
      <ItemCode>3600523816699</ItemCode>
      <ItemType>1</ItemType>
      <ItemName>פעולה משולשת ג'ל קרם50מל</ItemName>
      <ManufacturerName>קרלסרו, גרמניה</ManufacturerName>
      <ManufactureCountry>DE</ManufactureCountry>
      <ManufacturerItemDescription>פעולה משולשת גל קרם50מל</ManufacturerItemDescription>
      <UnitQty>מיליליטרים</UnitQty>
      <Quantity>50.00</Quantity>
      <bIsWeighted>0</bIsWeighted>
      <UnitOfMeasure>100 מ"ל</UnitOfMeasure>
      <QtyInPackage>1</QtyInPackage>
      <ItemPrice>50.90</ItemPrice>
      <UnitOfMeasurePrice>101.80</UnitOfMeasurePrice>
      <AllowDiscount>1</AllowDiscount>
      <ItemStatus>1</ItemStatus>
    </Item>
    <Item>
      <PriceUpdateDate>2024-12-25 12:17</PriceUpdateDate>
      <ItemCode>3600523873920</ItemCode>
      <ItemType>1</ItemType>
      <ItemName>רויטליפט פילר סרום 30מ"ל</ItemName>
      <ManufacturerName>כללי</ManufacturerName>
      <ManufactureCountry>DE</ManufactureCountry>
      <ManufacturerItemDescription>רויטליפט פילר סר</ManufacturerItemDescription>
      <UnitQty>מיליליטרים</UnitQty>
      <Quantity>30.00</Quantity>
      <bIsWeighted>0</bIsWeighted>
      <UnitOfMeasure>100 מ"ל</UnitOfMeasure>
      <QtyInPackage>1</QtyInPackage>
      <ItemPrice>112.00</ItemPrice>
      <UnitOfMeasurePrice>373.33</UnitOfMeasurePrice>
      <AllowDiscount>1</AllowDiscount>
      <ItemStatus>1</ItemStatus>
    </Item>
    <Item>
      <PriceUpdateDate>2024-12-25 12:17</PriceUpdateDate>
      <ItemCode>3600523936625</ItemCode>
      <ItemType>1</ItemType>
      <ItemName>לוראל סרום רויטליפט 30מל</ItemName>
      <ManufacturerName>לוריאל</ManufacturerName>
      <ManufactureCountry>DE</ManufactureCountry>
      <ManufacturerItemDescription>סרום רויטליפט</ManufacturerItemDescription>
      <UnitQty>מיליליטרים</UnitQty>
      <Quantity>30.00</Quantity>
      <bIsWeighted>0</bIsWeighted>
      <UnitOfMeasure>100 מ"ל</UnitOfMeasure>
      <QtyInPackage>1</QtyInPackage>
      <ItemPrice>110.50</ItemPrice>
      <UnitOfMeasurePrice>368.33</UnitOfMeasurePrice>
      <AllowDiscount>1</AllowDiscount>
      <ItemStatus>1</ItemStatus>
    </Item>
    <Item>
      <PriceUpdateDate>2024-12-25 12:17</PriceUpdateDate>
      <ItemCode>3600523936663</ItemCode>
      <ItemType>1</ItemType>
      <ItemName>אייג פרפקט רנסנס יום</ItemName>
      <ManufacturerName>לוריאל</ManufacturerName>
      <ManufactureCountry>DE</ManufactureCountry>
      <ManufacturerItemDescription>אייג'\ פרפקט רנס</ManufacturerItemDescription>
      <UnitQty>מיליליטרים</UnitQty>
      <Quantity>50.00</Quantity>
      <bIsWeighted>0</bIsWeighted>
      <UnitOfMeasure>100 מ"ל</UnitOfMeasure>
      <QtyInPackage>1</QtyInPackage>
      <ItemPrice>127.00</ItemPrice>
      <UnitOfMeasurePrice>254.00</UnitOfMeasurePrice>
      <AllowDiscount>1</AllowDiscount>
      <ItemStatus>1</ItemStatus>
    </Item>
    <Item>
      <PriceUpdateDate>2024-12-25 12:17</PriceUpdateDate>
      <ItemCode>3600523953677</ItemCode>
      <ItemType>1</ItemType>
      <ItemName>דרמו רויטליפט לחות50 מ"ל</ItemName>
      <ManufacturerName>קרלסרו, גרמניה</ManufacturerName>
      <ManufactureCountry>DE</ManufactureCountry>
      <ManufacturerItemDescription>דרמו רויטליפט לחות50 מ"ל</ManufacturerItemDescription>
      <UnitQty>מיליליטרים</UnitQty>
      <Quantity>50.00</Quantity>
      <bIsWeighted>0</bIsWeighted>
      <UnitOfMeasure>100 מ"ל</UnitOfMeasure>
      <QtyInPackage>1</QtyInPackage>
      <ItemPrice>89.90</ItemPrice>
      <UnitOfMeasurePrice>179.80</UnitOfMeasurePrice>
      <AllowDiscount>1</AllowDiscount>
      <ItemStatus>1</ItemStatus>
    </Item>
    <Item>
      <PriceUpdateDate>2024-12-25 12:17</PriceUpdateDate>
      <ItemCode>3600523985326</ItemCode>
      <ItemType>1</ItemType>
      <ItemName>קרם יום אנטי אייגינג50מל</ItemName>
      <ManufacturerName>לוריאל פריס</ManufacturerName>
      <ManufactureCountry>DE</ManufactureCountry>
      <ManufacturerItemDescription>קרם יום אנטי אייגינג50מל</ManufacturerItemDescription>
      <UnitQty>מיליליטרים</UnitQty>
      <Quantity>50.00</Quantity>
      <bIsWeighted>0</bIsWeighted>
      <UnitOfMeasure>100 מ"ל</UnitOfMeasure>
      <QtyInPackage>1</QtyInPackage>
      <ItemPrice>110.50</ItemPrice>
      <UnitOfMeasurePrice>221.00</UnitOfMeasurePrice>
      <AllowDiscount>1</AllowDiscount>
      <ItemStatus>1</ItemStatus>
    </Item>
    <Item>
      <PriceUpdateDate>2024-12-25 12:17</PriceUpdateDate>
      <ItemCode>3600523991525</ItemCode>
      <ItemType>1</ItemType>
      <ItemName>סרום לפנים רויטליפט 30מל</ItemName>
      <ManufacturerName>קרלסרו, גרמניה</ManufacturerName>
      <ManufactureCountry>DE</ManufactureCountry>
      <ManufacturerItemDescription>סרום רויטליפט קל</ManufacturerItemDescription>
      <UnitQty>מיליליטרים</UnitQty>
      <Quantity>30.00</Quantity>
      <bIsWeighted>0</bIsWeighted>
      <UnitOfMeasure>100 מ"ל</UnitOfMeasure>
      <QtyInPackage>1</QtyInPackage>
      <ItemPrice>89.90</ItemPrice>
      <UnitOfMeasurePrice>299.67</UnitOfMeasurePrice>
      <AllowDiscount>1</AllowDiscount>
      <ItemStatus>1</ItemStatus>
    </Item>
    <Item>
      <PriceUpdateDate>2024-12-25 12:17</PriceUpdateDate>
      <ItemCode>3600523991556</ItemCode>
      <ItemType>1</ItemType>
      <ItemName>HG ג'ל לחות עור קליל 70מ</ItemName>
      <ManufacturerName>כללי</ManufacturerName>
      <ManufactureCountry>DE</ManufactureCountry>
      <ManufacturerItemDescription>דרמו הידרה ג'יני</ManufacturerItemDescription>
      <UnitQty>מיליליטרים</UnitQty>
      <Quantity>70.00</Quantity>
      <bIsWeighted>0</bIsWeighted>
      <UnitOfMeasure>100 מ"ל</UnitOfMeasure>
      <QtyInPackage>1</QtyInPackage>
      <ItemPrice>61.90</ItemPrice>
      <UnitOfMeasurePrice>88.43</UnitOfMeasurePrice>
      <AllowDiscount>1</AllowDiscount>
      <ItemStatus>1</ItemStatus>
    </Item>
    <Item>
      <PriceUpdateDate>2024-12-25 12:17</PriceUpdateDate>
      <ItemCode>3600524012601</ItemCode>
      <ItemType>1</ItemType>
      <ItemName>סרום לילה דרמו רנסנס30מל</ItemName>
      <ManufacturerName>KARLSRUHE</ManufacturerName>
      <ManufactureCountry>DE</ManufactureCountry>
      <ManufacturerItemDescription>סרום לילה דרמו ר</ManufacturerItemDescription>
      <UnitQty>מיליליטרים</UnitQty>
      <Quantity>30.00</Quantity>
      <bIsWeighted>0</bIsWeighted>
      <UnitOfMeasure>100 מ"ל</UnitOfMeasure>
      <QtyInPackage>1</QtyInPackage>
      <ItemPrice>132.90</ItemPrice>
      <UnitOfMeasurePrice>443.00</UnitOfMeasurePrice>
      <AllowDiscount>1</AllowDiscount>
      <ItemStatus>1</ItemStatus>
    </Item>
    <Item>
      <PriceUpdateDate>2024-12-25 12:17</PriceUpdateDate>
      <ItemCode>3600524013370</ItemCode>
      <ItemType>1</ItemType>
      <ItemName>דרמו רנסנס קרם יום 50מ"ל</ItemName>
      <ManufacturerName>KARLSRUHE</ManufacturerName>
      <ManufactureCountry>DE</ManufactureCountry>
      <ManufacturerItemDescription>דרמו רנסנס קרם</ManufacturerItemDescription>
      <UnitQty>מיליליטרים</UnitQty>
      <Quantity>50.00</Quantity>
      <bIsWeighted>0</bIsWeighted>
      <UnitOfMeasure>100 מ"ל</UnitOfMeasure>
      <QtyInPackage>1</QtyInPackage>
      <ItemPrice>127.00</ItemPrice>
      <UnitOfMeasurePrice>254.00</UnitOfMeasurePrice>
      <AllowDiscount>1</AllowDiscount>
      <ItemStatus>1</ItemStatus>
    </Item>
    <Item>
      <PriceUpdateDate>2024-12-25 12:17</PriceUpdateDate>
      <ItemCode>3600524013455</ItemCode>
      <ItemType>1</ItemType>
      <ItemName>PERFECT AGE קרם לילה50מל</ItemName>
      <ManufacturerName>KARLSRUHE</ManufacturerName>
      <ManufactureCountry>DE</ManufactureCountry>
      <ManufacturerItemDescription>PERFECT AGE קרם</ManufacturerItemDescription>
      <UnitQty>מיליליטרים</UnitQty>
      <Quantity>50.00</Quantity>
      <bIsWeighted>0</bIsWeighted>
      <UnitOfMeasure>100 מ"ל</UnitOfMeasure>
      <QtyInPackage>1</QtyInPackage>
      <ItemPrice>127.00</ItemPrice>
      <UnitOfMeasurePrice>254.00</UnitOfMeasurePrice>
      <AllowDiscount>1</AllowDiscount>
      <ItemStatus>1</ItemStatus>
    </Item>
    <Item>
      <PriceUpdateDate>2024-12-25 12:17</PriceUpdateDate>
      <ItemCode>3600524025540</ItemCode>
      <ItemType>1</ItemType>
      <ItemName>רויטליפט פ.סרום עניים20מ</ItemName>
      <ManufacturerName>KARLSRUHE</ManufacturerName>
      <ManufactureCountry>DE</ManufactureCountry>
      <ManufacturerItemDescription>רויטליפט פילר סר</ManufacturerItemDescription>
      <UnitQty>מיליליטרים</UnitQty>
      <Quantity>20.00</Quantity>
      <bIsWeighted>0</bIsWeighted>
      <UnitOfMeasure>100 מ"ל</UnitOfMeasure>
      <QtyInPackage>1</QtyInPackage>
      <ItemPrice>112.00</ItemPrice>
      <UnitOfMeasurePrice>560.00</UnitOfMeasurePrice>
      <AllowDiscount>1</AllowDiscount>
      <ItemStatus>1</ItemStatus>
    </Item>
    <Item>
      <PriceUpdateDate>2024-12-25 06:50</PriceUpdateDate>
      <ItemCode>3600524055400</ItemCode>
      <ItemType>1</ItemType>
      <ItemName>אלביב שמפו היאלורונית500</ItemName>
      <ManufacturerName>RAMOUILLET</ManufacturerName>
      <ManufactureCountry>FR</ManufactureCountry>
      <ManufacturerItemDescription>אלביב שמפו</ManufacturerItemDescription>
      <UnitQty>מיליליטרים</UnitQty>
      <Quantity>500.00</Quantity>
      <bIsWeighted>0</bIsWeighted>
      <UnitOfMeasure>100 מ"ל</UnitOfMeasure>
      <QtyInPackage>1</QtyInPackage>
      <ItemPrice>17.90</ItemPrice>
      <UnitOfMeasurePrice>3.58</UnitOfMeasurePrice>
      <AllowDiscount>1</AllowDiscount>
      <ItemStatus>1</ItemStatus>
    </Item>
    <Item>
      <PriceUpdateDate>2024-12-25 12:17</PriceUpdateDate>
      <ItemCode>3600524066475</ItemCode>
      <ItemType>1</ItemType>
      <ItemName>דרמו מידנייט קרם לילה50מ</ItemName>
      <ManufacturerName>KARLSRUHE</ManufacturerName>
      <ManufactureCountry>DE</ManufactureCountry>
      <ManufacturerItemDescription>דרמו מידנייט קרם</ManufacturerItemDescription>
      <UnitQty>מיליליטרים</UnitQty>
      <Quantity>50.00</Quantity>
      <bIsWeighted>0</bIsWeighted>
      <UnitOfMeasure>100 מ"ל</UnitOfMeasure>
      <QtyInPackage>1</QtyInPackage>
      <ItemPrice>132.90</ItemPrice>
      <UnitOfMeasurePrice>265.80</UnitOfMeasurePrice>
      <AllowDiscount>1</AllowDiscount>
      <ItemStatus>1</ItemStatus>
    </Item>
    <Item>
      <PriceUpdateDate>2024-12-25 12:17</PriceUpdateDate>
      <ItemCode>3600524070588</ItemCode>
      <ItemType>1</ItemType>
      <ItemName>רויטליפט פילר קרם ג'ל50מ</ItemName>
      <ManufacturerName>KARLSRUHE</ManufacturerName>
      <ManufactureCountry>DE</ManufactureCountry>
      <ManufacturerItemDescription>קרם יוםרויטליפט</ManufacturerItemDescription>
      <UnitQty>מיליליטרים</UnitQty>
      <Quantity>50.00</Quantity>
      <bIsWeighted>0</bIsWeighted>
      <UnitOfMeasure>100 מ"ל</UnitOfMeasure>
      <QtyInPackage>1</QtyInPackage>
      <ItemPrice>112.00</ItemPrice>
      <UnitOfMeasurePrice>224.00</UnitOfMeasurePrice>
      <AllowDiscount>1</AllowDiscount>
      <ItemStatus>1</ItemStatus>
    </Item>
    <Item>
      <PriceUpdateDate>2024-12-25 12:17</PriceUpdateDate>
      <ItemCode>3600524129019</ItemCode>
      <ItemType>1</ItemType>
      <ItemName>ברייט ריביל ג'ל ניקוי150</ItemName>
      <ManufacturerName>KARLSRUHE</ManufacturerName>
      <ManufactureCountry>DE</ManufactureCountry>
      <ManufacturerItemDescription>ברייט ריביל ג'ל</ManufacturerItemDescription>
      <UnitQty>מיליליטרים</UnitQty>
      <Quantity>150.00</Quantity>
      <bIsWeighted>0</bIsWeighted>
      <UnitOfMeasure>100 מ"ל</UnitOfMeasure>
      <QtyInPackage>1</QtyInPackage>
      <ItemPrice>40.90</ItemPrice>
      <UnitOfMeasurePrice>27.27</UnitOfMeasurePrice>
      <AllowDiscount>1</AllowDiscount>
      <ItemStatus>1</ItemStatus>
    </Item>
    <Item>
      <PriceUpdateDate>2024-12-25 06:50</PriceUpdateDate>
      <ItemCode>3600524149512</ItemCode>
      <ItemType>1</ItemType>
      <ItemName>אלביב מרכך היאלרונית500מ</ItemName>
      <ManufacturerName>RAMOUILLET</ManufacturerName>
      <ManufactureCountry>FR</ManufactureCountry>
      <ManufacturerItemDescription>אלביב מרכך היאלר</ManufacturerItemDescription>
      <UnitQty>מיליליטרים</UnitQty>
      <Quantity>500.00</Quantity>
      <bIsWeighted>0</bIsWeighted>
      <UnitOfMeasure>100 מ"ל</UnitOfMeasure>
      <QtyInPackage>1</QtyInPackage>
      <ItemPrice>17.90</ItemPrice>
      <UnitOfMeasurePrice>3.58</UnitOfMeasurePrice>
      <AllowDiscount>1</AllowDiscount>
      <ItemStatus>1</ItemStatus>
    </Item>
    <Item>
      <PriceUpdateDate>2024-12-25 06:50</PriceUpdateDate>
      <ItemCode>3600524164362</ItemCode>
      <ItemType>1</ItemType>
      <ItemName>אלביב מרכך הידרהפיור500מ</ItemName>
      <ManufacturerName>RAMOUILLET</ManufacturerName>
      <ManufactureCountry>FR</ManufactureCountry>
      <ManufacturerItemDescription>אלביב מרכך הידרהפיור500מ</ManufacturerItemDescription>
      <UnitQty>מיליליטרים</UnitQty>
      <Quantity>500.00</Quantity>
      <bIsWeighted>0</bIsWeighted>
      <UnitOfMeasure>100 מ"ל</UnitOfMeasure>
      <QtyInPackage>1</QtyInPackage>
      <ItemPrice>17.90</ItemPrice>
      <UnitOfMeasurePrice>3.58</UnitOfMeasurePrice>
      <AllowDiscount>1</AllowDiscount>
      <ItemStatus>1</ItemStatus>
    </Item>
    <Item>
      <PriceUpdateDate>2024-12-25 12:17</PriceUpdateDate>
      <ItemCode>3600541029323</ItemCode>
      <ItemType>1</ItemType>
      <ItemName>ESSENTIALS מסיר איפור</ItemName>
      <ManufacturerName>סופרויאל</ManufacturerName>
      <ManufactureCountry>FR</ManufactureCountry>
      <ManufacturerItemDescription>ESSENTIALS מסיר</ManufacturerItemDescription>
      <UnitQty>מיליליטרים</UnitQty>
      <Quantity>200.00</Quantity>
      <bIsWeighted>0</bIsWeighted>
      <UnitOfMeasure>100 מ"ל</UnitOfMeasure>
      <QtyInPackage>0</QtyInPackage>
      <ItemPrice>26.90</ItemPrice>
      <UnitOfMeasurePrice>13.45</UnitOfMeasurePrice>
      <AllowDiscount>1</AllowDiscount>
      <ItemStatus>1</ItemStatus>
    </Item>
    <Item>
      <PriceUpdateDate>2024-12-25 12:17</PriceUpdateDate>
      <ItemCode>3600541382930</ItemCode>
      <ItemType>1</ItemType>
      <ItemName>מים מיסלריים 400 מ"ל</ItemName>
      <ManufacturerName>קוסמופול, פולין</ManufacturerName>
      <ManufactureCountry>PL</ManufactureCountry>
      <ManufacturerItemDescription>מים מיסלריים 400 מ"ל</ManufacturerItemDescription>
      <UnitQty>מיליליטרים</UnitQty>
      <Quantity>400.00</Quantity>
      <bIsWeighted>0</bIsWeighted>
      <UnitOfMeasure>100 מ"ל</UnitOfMeasure>
      <QtyInPackage>0</QtyInPackage>
      <ItemPrice>40.50</ItemPrice>
      <UnitOfMeasurePrice>10.13</UnitOfMeasurePrice>
      <AllowDiscount>1</AllowDiscount>
      <ItemStatus>1</ItemStatus>
    </Item>
    <Item>
      <PriceUpdateDate>2024-12-25 12:17</PriceUpdateDate>
      <ItemCode>3600541928169</ItemCode>
      <ItemType>1</ItemType>
      <ItemName>ניקוי נגזרת פחם פיור</ItemName>
      <ManufacturerName>קרלסרו, גרמניה</ManufacturerName>
      <ManufactureCountry>DE</ManufactureCountry>
      <ManufacturerItemDescription>ג'יל ניקוי פיור</ManufacturerItemDescription>
      <UnitQty>יחידה</UnitQty>
      <Quantity>1.00</Quantity>
      <bIsWeighted>0</bIsWeighted>
      <UnitOfMeasure>יחידה</UnitOfMeasure>
      <QtyInPackage>1</QtyInPackage>
      <ItemPrice>37.90</ItemPrice>
      <UnitOfMeasurePrice>37.90</UnitOfMeasurePrice>
      <AllowDiscount>1</AllowDiscount>
      <ItemStatus>1</ItemStatus>
    </Item>
    <Item>
      <PriceUpdateDate>2024-12-25 12:17</PriceUpdateDate>
      <ItemCode>3600541928275</ItemCode>
      <ItemType>1</ItemType>
      <ItemName>מים מיסלריים דו-פאזי400מ</ItemName>
      <ManufacturerName>קוסמופול, פולין</ManufacturerName>
      <ManufactureCountry>PL</ManufactureCountry>
      <ManufacturerItemDescription>מים מיסלריים דו</ManufacturerItemDescription>
      <UnitQty>מיליליטרים</UnitQty>
      <Quantity>400.00</Quantity>
      <bIsWeighted>0</bIsWeighted>
      <UnitOfMeasure>100 מ"ל</UnitOfMeasure>
      <QtyInPackage>1</QtyInPackage>
      <ItemPrice>40.50</ItemPrice>
      <UnitOfMeasurePrice>10.13</UnitOfMeasurePrice>
      <AllowDiscount>1</AllowDiscount>
      <ItemStatus>1</ItemStatus>
    </Item>
    <Item>
      <PriceUpdateDate>2024-12-25 12:17</PriceUpdateDate>
      <ItemCode>3600541937475</ItemCode>
      <ItemType>1</ItemType>
      <ItemName>גרנייה פיור 3ב1ניקוי150מ</ItemName>
      <ManufacturerName>לוריאל</ManufacturerName>
      <ManufactureCountry>FR</ManufactureCountry>
      <ManufacturerItemDescription>גרנייה פיור 3ב1ניקוי150מ</ManufacturerItemDescription>
      <UnitQty>מיליליטרים</UnitQty>
      <Quantity>150.00</Quantity>
      <bIsWeighted>0</bIsWeighted>
      <UnitOfMeasure>100 מ"ל</UnitOfMeasure>
      <QtyInPackage>1</QtyInPackage>
      <ItemPrice>37.90</ItemPrice>
      <UnitOfMeasurePrice>25.27</UnitOfMeasurePrice>
      <AllowDiscount>1</AllowDiscount>
      <ItemStatus>1</ItemStatus>
    </Item>
    <Item>
      <PriceUpdateDate>2024-12-25 12:17</PriceUpdateDate>
      <ItemCode>3600541940574</ItemCode>
      <ItemType>1</ItemType>
      <ItemName>מים מיסלריים 700 מ"ל</ItemName>
      <ManufacturerName>קוסמופול</ManufacturerName>
      <ManufactureCountry>PL</ManufactureCountry>
      <ManufacturerItemDescription>מים מיסלריים 700 מ"ל</ManufacturerItemDescription>
      <UnitQty>מיליליטרים</UnitQty>
      <Quantity>700.00</Quantity>
      <bIsWeighted>0</bIsWeighted>
      <UnitOfMeasure>100 מ"ל</UnitOfMeasure>
      <QtyInPackage>0</QtyInPackage>
      <ItemPrice>47.00</ItemPrice>
      <UnitOfMeasurePrice>6.71</UnitOfMeasurePrice>
      <AllowDiscount>1</AllowDiscount>
      <ItemStatus>1</ItemStatus>
    </Item>
    <Item>
      <PriceUpdateDate>2024-12-25 12:17</PriceUpdateDate>
      <ItemCode>3600542097239</ItemCode>
      <ItemType>1</ItemType>
      <ItemName>מסכת טישו פחם תה</ItemName>
      <ManufacturerName>ביוטיקוס אינטרנשיונאל</ManufacturerName>
      <ManufactureCountry>CN</ManufactureCountry>
      <ManufacturerItemDescription>מסכת טישו פחם</ManufacturerItemDescription>
      <UnitQty>יחידה</UnitQty>
      <Quantity>1.00</Quantity>
      <bIsWeighted>0</bIsWeighted>
      <UnitOfMeasure>יחידה</UnitOfMeasure>
      <QtyInPackage>1</QtyInPackage>
      <ItemPrice>16.90</ItemPrice>
      <UnitOfMeasurePrice>16.90</UnitOfMeasurePrice>
      <AllowDiscount>1</AllowDiscount>
      <ItemStatus>1</ItemStatus>
    </Item>
    <Item>
      <PriceUpdateDate>2024-12-25 12:17</PriceUpdateDate>
      <ItemCode>3600542097253</ItemCode>
      <ItemType>1</ItemType>
      <ItemName>מסכת טישו פחם אצות</ItemName>
      <ManufacturerName>ביוטיקוס אינטרנשיונאל</ManufacturerName>
      <ManufactureCountry>CN</ManufactureCountry>
      <ManufacturerItemDescription>מסכת טישו פחם</ManufacturerItemDescription>
      <UnitQty>יחידה</UnitQty>
      <Quantity>1.00</Quantity>
      <bIsWeighted>0</bIsWeighted>
      <UnitOfMeasure>יחידה</UnitOfMeasure>
      <QtyInPackage>1</QtyInPackage>
      <ItemPrice>16.90</ItemPrice>
      <UnitOfMeasurePrice>16.90</UnitOfMeasurePrice>
      <AllowDiscount>1</AllowDiscount>
      <ItemStatus>1</ItemStatus>
    </Item>
    <Item>
      <PriceUpdateDate>2024-12-25 12:17</PriceUpdateDate>
      <ItemCode>3600542211024</ItemCode>
      <ItemType>1</ItemType>
      <ItemName>סטיק פיור פחם 50מ"ל</ItemName>
      <ManufacturerName>סופרוקוס</ManufacturerName>
      <ManufactureCountry>IT</ManufactureCountry>
      <ManufacturerItemDescription>סטיק פיור פחם</ManufacturerItemDescription>
      <UnitQty>מיליליטרים</UnitQty>
      <Quantity>50.00</Quantity>
      <bIsWeighted>0</bIsWeighted>
      <UnitOfMeasure>100 מ"ל</UnitOfMeasure>
      <QtyInPackage>1</QtyInPackage>
      <ItemPrice>37.90</ItemPrice>
      <UnitOfMeasurePrice>75.80</UnitOfMeasurePrice>
      <AllowDiscount>1</AllowDiscount>
      <ItemStatus>1</ItemStatus>
    </Item>
    <Item>
      <PriceUpdateDate>2024-12-25 12:17</PriceUpdateDate>
      <ItemCode>3600542267953</ItemCode>
      <ItemType>1</ItemType>
      <ItemName>פיור מי מיסלר 400 מ"ל</ItemName>
      <ManufacturerName>גרנייה-קוסמטיקה</ManufacturerName>
      <ManufactureCountry>IL</ManufactureCountry>
      <ManufacturerItemDescription>פיור מי מיסלר</ManufacturerItemDescription>
      <UnitQty>מיליליטרים</UnitQty>
      <Quantity>400.00</Quantity>
      <bIsWeighted>0</bIsWeighted>
      <UnitOfMeasure>100 מ"ל</UnitOfMeasure>
      <QtyInPackage>1</QtyInPackage>
      <ItemPrice>40.50</ItemPrice>
      <UnitOfMeasurePrice>10.13</UnitOfMeasurePrice>
      <AllowDiscount>1</AllowDiscount>
      <ItemStatus>1</ItemStatus>
    </Item>
    <Item>
      <PriceUpdateDate>2024-12-25 12:17</PriceUpdateDate>
      <ItemCode>3600542365710</ItemCode>
      <ItemType>1</ItemType>
      <ItemName>PURE ג'ל ניקוי 200 מ"ל</ItemName>
      <ManufacturerName>לוריאל</ManufacturerName>
      <ManufactureCountry>PL</ManufactureCountry>
      <ManufacturerItemDescription>PURE ג'ל ניקוי</ManufacturerItemDescription>
      <UnitQty>מיליליטרים</UnitQty>
      <Quantity>200.00</Quantity>
      <bIsWeighted>0</bIsWeighted>
      <UnitOfMeasure>100 מ"ל</UnitOfMeasure>
      <QtyInPackage>1</QtyInPackage>
      <ItemPrice>37.90</ItemPrice>
      <UnitOfMeasurePrice>18.95</UnitOfMeasurePrice>
      <AllowDiscount>1</AllowDiscount>
      <ItemStatus>1</ItemStatus>
    </Item>
    <Item>
      <PriceUpdateDate>2024-12-25 12:17</PriceUpdateDate>
      <ItemCode>3600542365796</ItemCode>
      <ItemType>1</ItemType>
      <ItemName>בוטניקל ג'ל ניקוי 200 מל</ItemName>
      <ManufacturerName>לוריאל</ManufacturerName>
      <ManufactureCountry>PL</ManufactureCountry>
      <ManufacturerItemDescription>בוטניקל ג'ל ניקו</ManufacturerItemDescription>
      <UnitQty>מיליליטרים</UnitQty>
      <Quantity>200.00</Quantity>
      <bIsWeighted>0</bIsWeighted>
      <UnitOfMeasure>100 מ"ל</UnitOfMeasure>
      <QtyInPackage>1</QtyInPackage>
      <ItemPrice>26.90</ItemPrice>
      <UnitOfMeasurePrice>13.45</UnitOfMeasurePrice>
      <AllowDiscount>1</AllowDiscount>
      <ItemStatus>1</ItemStatus>
    </Item>
    <Item>
      <PriceUpdateDate>2024-12-25 12:17</PriceUpdateDate>
      <ItemCode>3600542366113</ItemCode>
      <ItemType>1</ItemType>
      <ItemName>סקין נטורל קרם ענבים50מל</ItemName>
      <ManufacturerName>קרלסרו, גרמניה</ManufacturerName>
      <ManufactureCountry>DE</ManufactureCountry>
      <ManufacturerItemDescription>סקין נטורל קרם ע</ManufacturerItemDescription>
      <UnitQty>מיליליטרים</UnitQty>
      <Quantity>50.00</Quantity>
      <bIsWeighted>0</bIsWeighted>
      <UnitOfMeasure>100 מ"ל</UnitOfMeasure>
      <QtyInPackage>1</QtyInPackage>
      <ItemPrice>43.50</ItemPrice>
      <UnitOfMeasurePrice>87.00</UnitOfMeasurePrice>
      <AllowDiscount>1</AllowDiscount>
      <ItemStatus>1</ItemStatus>
    </Item>
    <Item>
      <PriceUpdateDate>2024-12-25 12:17</PriceUpdateDate>
      <ItemCode>3600542366151</ItemCode>
      <ItemType>1</ItemType>
      <ItemName>סקין נטורל ק.לחות ורד50מ</ItemName>
      <ManufacturerName>קרלסרו, גרמניה</ManufacturerName>
      <ManufactureCountry>DE</ManufactureCountry>
      <ManufacturerItemDescription>סקין נטורל קרם ל</ManufacturerItemDescription>
      <UnitQty>מיליליטרים</UnitQty>
      <Quantity>50.00</Quantity>
      <bIsWeighted>0</bIsWeighted>
      <UnitOfMeasure>100 מ"ל</UnitOfMeasure>
      <QtyInPackage>1</QtyInPackage>
      <ItemPrice>43.50</ItemPrice>
      <UnitOfMeasurePrice>87.00</UnitOfMeasurePrice>
      <AllowDiscount>1</AllowDiscount>
      <ItemStatus>1</ItemStatus>
    </Item>
    <Item>
      <PriceUpdateDate>2024-12-25 12:17</PriceUpdateDate>
      <ItemCode>3600542375801</ItemCode>
      <ItemType>1</ItemType>
      <ItemName>פיור אקטיב 3 ב1 פחם150מל</ItemName>
      <ManufacturerName>גרנייה</ManufacturerName>
      <ManufactureCountry>FR</ManufactureCountry>
      <ManufacturerItemDescription>פיור אקטיב 3 ב 1</ManufacturerItemDescription>
      <UnitQty>מיליליטרים</UnitQty>
      <Quantity>150.00</Quantity>
      <bIsWeighted>0</bIsWeighted>
      <UnitOfMeasure>100 מ"ל</UnitOfMeasure>
      <QtyInPackage>1</QtyInPackage>
      <ItemPrice>37.90</ItemPrice>
      <UnitOfMeasurePrice>25.27</UnitOfMeasurePrice>
      <AllowDiscount>1</AllowDiscount>
      <ItemStatus>1</ItemStatus>
    </Item>
    <Item>
      <PriceUpdateDate>2024-12-25 12:17</PriceUpdateDate>
      <ItemCode>3600542380492</ItemCode>
      <ItemType>1</ItemType>
      <ItemName>מסיכת טישו ויטמין יח'</ItemName>
      <ManufacturerName>כללי</ManufacturerName>
      <ManufactureCountry>CN</ManufactureCountry>
      <ManufacturerItemDescription>מסיכת טישו ויטמי</ManufacturerItemDescription>
      <UnitQty>יחידה</UnitQty>
      <Quantity>1.00</Quantity>
      <bIsWeighted>0</bIsWeighted>
      <UnitOfMeasure>יחידה</UnitOfMeasure>
      <QtyInPackage>1</QtyInPackage>
      <ItemPrice>16.90</ItemPrice>
      <UnitOfMeasurePrice>16.90</UnitOfMeasurePrice>
      <AllowDiscount>1</AllowDiscount>
      <ItemStatus>1</ItemStatus>
    </Item>
    <Item>
      <PriceUpdateDate>2024-12-25 12:17</PriceUpdateDate>
      <ItemCode>3600542385329</ItemCode>
      <ItemType>1</ItemType>
      <ItemName>טישו מסק מסכה תה ירוק</ItemName>
      <ManufacturerName>סין</ManufacturerName>
      <ManufactureCountry>CN</ManufactureCountry>
      <ManufacturerItemDescription>טישו מסק תה ירוק</ManufacturerItemDescription>
      <UnitQty>יחידה</UnitQty>
      <Quantity>1.00</Quantity>
      <bIsWeighted>0</bIsWeighted>
      <UnitOfMeasure>יחידה</UnitOfMeasure>
      <QtyInPackage>1</QtyInPackage>
      <ItemPrice>16.90</ItemPrice>
      <UnitOfMeasurePrice>16.90</UnitOfMeasurePrice>
      <AllowDiscount>1</AllowDiscount>
      <ItemStatus>1</ItemStatus>
    </Item>
    <Item>
      <PriceUpdateDate>2024-12-25 12:17</PriceUpdateDate>
      <ItemCode>3600542385626</ItemCode>
      <ItemType>1</ItemType>
      <ItemName>גרנייה טישו ואלוורה 32 ג</ItemName>
      <ManufacturerName>---</ManufacturerName>
      <ManufactureCountry>CN</ManufactureCountry>
      <ManufacturerItemDescription>גרנייה טישו ואלוורה 32 ג</ManufacturerItemDescription>
      <UnitQty>גרמים</UnitQty>
      <Quantity>32.00</Quantity>
      <bIsWeighted>0</bIsWeighted>
      <UnitOfMeasure>100 גרם</UnitOfMeasure>
      <QtyInPackage>1</QtyInPackage>
      <ItemPrice>16.90</ItemPrice>
      <UnitOfMeasurePrice>52.81</UnitOfMeasurePrice>
      <AllowDiscount>1</AllowDiscount>
      <ItemStatus>1</ItemStatus>
    </Item>
    <Item>
      <PriceUpdateDate>2024-12-25 07:00</PriceUpdateDate>
      <ItemCode>3600542399340</ItemCode>
      <ItemType>1</ItemType>
      <ItemName>גרניה דאו רול הילארונית</ItemName>
      <ManufacturerName>QUENTIN ST SOPROCOS,</ManufacturerName>
      <ManufactureCountry>FR</ManufactureCountry>
      <ManufacturerItemDescription>גרניה דאו רול הי</ManufacturerItemDescription>
      <UnitQty>מיליליטרים</UnitQty>
      <Quantity>50.00</Quantity>
      <bIsWeighted>0</bIsWeighted>
      <UnitOfMeasure>100 מ"ל</UnitOfMeasure>
      <QtyInPackage>1</QtyInPackage>
      <ItemPrice>14.90</ItemPrice>
      <UnitOfMeasurePrice>29.80</UnitOfMeasurePrice>
      <AllowDiscount>1</AllowDiscount>
      <ItemStatus>1</ItemStatus>
    </Item>
    <Item>
      <PriceUpdateDate>2024-12-25 12:17</PriceUpdateDate>
      <ItemCode>3600542415071</ItemCode>
      <ItemType>1</ItemType>
      <ItemName>BB קרם לחות ללא שמן</ItemName>
      <ManufacturerName>לוריאל</ManufacturerName>
      <ManufactureCountry>FR</ManufactureCountry>
      <ManufacturerItemDescription>BB קרם לחות ללא</ManufacturerItemDescription>
      <UnitQty>מיליליטרים</UnitQty>
      <Quantity>50.00</Quantity>
      <bIsWeighted>0</bIsWeighted>
      <UnitOfMeasure>100 מ"ל</UnitOfMeasure>
      <QtyInPackage>1</QtyInPackage>
      <ItemPrice>63.90</ItemPrice>
      <UnitOfMeasurePrice>127.80</UnitOfMeasurePrice>
      <AllowDiscount>1</AllowDiscount>
      <ItemStatus>1</ItemStatus>
    </Item>
    <Item>
      <PriceUpdateDate>2024-12-25 12:17</PriceUpdateDate>
      <ItemCode>3600542415194</ItemCode>
      <ItemType>1</ItemType>
      <ItemName>קרם לחות BB ללא שמן 50מל</ItemName>
      <ManufacturerName>לוריאל</ManufacturerName>
      <ManufactureCountry>FR</ManufactureCountry>
      <ManufacturerItemDescription>קרם לחות</ManufacturerItemDescription>
      <UnitQty>מיליליטרים</UnitQty>
      <Quantity>50.00</Quantity>
      <bIsWeighted>0</bIsWeighted>
      <UnitOfMeasure>100 מ"ל</UnitOfMeasure>
      <QtyInPackage>1</QtyInPackage>
      <ItemPrice>63.90</ItemPrice>
      <UnitOfMeasurePrice>127.80</UnitOfMeasurePrice>
      <AllowDiscount>1</AllowDiscount>
      <ItemStatus>1</ItemStatus>
    </Item>
    <Item>
      <PriceUpdateDate>2024-12-25 12:17</PriceUpdateDate>
      <ItemCode>3600542416436</ItemCode>
      <ItemType>1</ItemType>
      <ItemName>BBקרם לחות קלאסי בהיר50מ</ItemName>
      <ManufacturerName>לוריאל</ManufacturerName>
      <ManufactureCountry>FR</ManufactureCountry>
      <ManufacturerItemDescription>קרם לחות</ManufacturerItemDescription>
      <UnitQty>מיליליטרים</UnitQty>
      <Quantity>50.00</Quantity>
      <bIsWeighted>0</bIsWeighted>
      <UnitOfMeasure>100 מ"ל</UnitOfMeasure>
      <QtyInPackage>1</QtyInPackage>
      <ItemPrice>63.90</ItemPrice>
      <UnitOfMeasurePrice>127.80</UnitOfMeasurePrice>
      <AllowDiscount>1</AllowDiscount>
      <ItemStatus>1</ItemStatus>
    </Item>
    <Item>
      <PriceUpdateDate>2024-12-25 12:17</PriceUpdateDate>
      <ItemCode>3600542432962</ItemCode>
      <ItemType>1</ItemType>
      <ItemName>גרנייה סרום אלוורה 30 מל</ItemName>
      <ManufacturerName>KARLSRUHE</ManufacturerName>
      <ManufactureCountry>DE</ManufactureCountry>
      <ManufacturerItemDescription>גרנייה סרום אלוורה 30 מל</ManufacturerItemDescription>
      <UnitQty>מיליליטרים</UnitQty>
      <Quantity>30.00</Quantity>
      <bIsWeighted>0</bIsWeighted>
      <UnitOfMeasure>100 מ"ל</UnitOfMeasure>
      <QtyInPackage>1</QtyInPackage>
      <ItemPrice>66.90</ItemPrice>
      <UnitOfMeasurePrice>223.00</UnitOfMeasurePrice>
      <AllowDiscount>1</AllowDiscount>
      <ItemStatus>1</ItemStatus>
    </Item>
    <Item>
      <PriceUpdateDate>2024-12-25 12:17</PriceUpdateDate>
      <ItemCode>3600542449656</ItemCode>
      <ItemType>1</ItemType>
      <ItemName>קרם SPF25 ויטמין סי50מ"ל</ItemName>
      <ManufacturerName>KARLSRUHE</ManufacturerName>
      <ManufactureCountry>DE</ManufactureCountry>
      <ManufacturerItemDescription>קרם סרום SPF25</ManufacturerItemDescription>
      <UnitQty>מיליליטרים</UnitQty>
      <Quantity>50.00</Quantity>
      <bIsWeighted>0</bIsWeighted>
      <UnitOfMeasure>100 מ"ל</UnitOfMeasure>
      <QtyInPackage>1</QtyInPackage>
      <ItemPrice>63.90</ItemPrice>
      <UnitOfMeasurePrice>127.80</UnitOfMeasurePrice>
      <AllowDiscount>1</AllowDiscount>
      <ItemStatus>1</ItemStatus>
    </Item>
    <Item>
      <PriceUpdateDate>2024-12-25 12:17</PriceUpdateDate>
      <ItemCode>3600542456562</ItemCode>
      <ItemType>1</ItemType>
      <ItemName>מים מיסלריים פחם 400מ"ל</ItemName>
      <ManufacturerName>KARLSRUHE</ManufacturerName>
      <ManufactureCountry>DE</ManufactureCountry>
      <ManufacturerItemDescription>גרנייה מים מיסלר</ManufacturerItemDescription>
      <UnitQty>מיליליטרים</UnitQty>
      <Quantity>400.00</Quantity>
      <bIsWeighted>0</bIsWeighted>
      <UnitOfMeasure>100 מ"ל</UnitOfMeasure>
      <QtyInPackage>1</QtyInPackage>
      <ItemPrice>40.50</ItemPrice>
      <UnitOfMeasurePrice>10.13</UnitOfMeasurePrice>
      <AllowDiscount>1</AllowDiscount>
      <ItemStatus>1</ItemStatus>
    </Item>
    <Item>
      <PriceUpdateDate>2024-12-25 12:17</PriceUpdateDate>
      <ItemCode>3600542456579</ItemCode>
      <ItemType>1</ItemType>
      <ItemName>מיסלר ויטמין סי 400 מ"ל</ItemName>
      <ManufacturerName>KARLSRUHE</ManufacturerName>
      <ManufactureCountry>DE</ManufactureCountry>
      <ManufacturerItemDescription>מיסלר ויטמין סי</ManufacturerItemDescription>
      <UnitQty>מיליליטרים</UnitQty>
      <Quantity>400.00</Quantity>
      <bIsWeighted>0</bIsWeighted>
      <UnitOfMeasure>100 מ"ל</UnitOfMeasure>
      <QtyInPackage>1</QtyInPackage>
      <ItemPrice>40.50</ItemPrice>
      <UnitOfMeasurePrice>10.13</UnitOfMeasurePrice>
      <AllowDiscount>1</AllowDiscount>
      <ItemStatus>1</ItemStatus>
    </Item>
    <Item>
      <PriceUpdateDate>2024-12-25 12:17</PriceUpdateDate>
      <ItemCode>3600542456586</ItemCode>
      <ItemType>1</ItemType>
      <ItemName>גרנייה מיסלר ורדים 400מל</ItemName>
      <ManufacturerName>קוסמופול</ManufacturerName>
      <ManufactureCountry>PL</ManufactureCountry>
      <ManufacturerItemDescription>גרנייה מיסלר ורד</ManufacturerItemDescription>
      <UnitQty>מיליליטרים</UnitQty>
      <Quantity>400.00</Quantity>
      <bIsWeighted>0</bIsWeighted>
      <UnitOfMeasure>100 מ"ל</UnitOfMeasure>
      <QtyInPackage>1</QtyInPackage>
      <ItemPrice>40.50</ItemPrice>
      <UnitOfMeasurePrice>10.13</UnitOfMeasurePrice>
      <AllowDiscount>1</AllowDiscount>
      <ItemStatus>1</ItemStatus>
    </Item>
    <Item>
      <PriceUpdateDate>2024-12-25 12:17</PriceUpdateDate>
      <ItemCode>3600542456593</ItemCode>
      <ItemType>1</ItemType>
      <ItemName>PURE מי פנים 200 מ"ל</ItemName>
      <ManufacturerName>כללי</ManufacturerName>
      <ManufactureCountry>FR</ManufactureCountry>
      <ManufacturerItemDescription>PURE מי פנים</ManufacturerItemDescription>
      <UnitQty>מיליליטרים</UnitQty>
      <Quantity>200.00</Quantity>
      <bIsWeighted>0</bIsWeighted>
      <UnitOfMeasure>100 מ"ל</UnitOfMeasure>
      <QtyInPackage>1</QtyInPackage>
      <ItemPrice>37.90</ItemPrice>
      <UnitOfMeasurePrice>18.95</UnitOfMeasurePrice>
      <AllowDiscount>1</AllowDiscount>
      <ItemStatus>1</ItemStatus>
    </Item>
    <Item>
      <PriceUpdateDate>2024-12-25 12:17</PriceUpdateDate>
      <ItemCode>3600542524261</ItemCode>
      <ItemType>1</ItemType>
      <ItemName>גרנייה גל ניקוי פנים200מ</ItemName>
      <ManufacturerName>KARLSRUHE</ManufacturerName>
      <ManufactureCountry>PL</ManufactureCountry>
      <ManufacturerItemDescription>גרנייה גל ניקוי פנים200מ</ManufacturerItemDescription>
      <UnitQty>מיליליטרים</UnitQty>
      <Quantity>200.00</Quantity>
      <bIsWeighted>0</bIsWeighted>
      <UnitOfMeasure>100 מ"ל</UnitOfMeasure>
      <QtyInPackage>1</QtyInPackage>
      <ItemPrice>26.90</ItemPrice>
      <UnitOfMeasurePrice>13.45</UnitOfMeasurePrice>
      <AllowDiscount>1</AllowDiscount>
      <ItemStatus>1</ItemStatus>
    </Item>
    <Item>
      <PriceUpdateDate>2024-12-25 12:17</PriceUpdateDate>
      <ItemCode>3600542536851</ItemCode>
      <ItemType>1</ItemType>
      <ItemName>מים מיסלריים פילינג400מל</ItemName>
      <ManufacturerName>KOSMOPEL</ManufacturerName>
      <ManufactureCountry>PL</ManufactureCountry>
      <ManufacturerItemDescription>מים מיסלריים פילינג400מל</ManufacturerItemDescription>
      <UnitQty>מיליליטרים</UnitQty>
      <Quantity>400.00</Quantity>
      <bIsWeighted>0</bIsWeighted>
      <UnitOfMeasure>100 מ"ל</UnitOfMeasure>
      <QtyInPackage>1</QtyInPackage>
      <ItemPrice>40.50</ItemPrice>
      <UnitOfMeasurePrice>10.13</UnitOfMeasurePrice>
      <AllowDiscount>1</AllowDiscount>
      <ItemStatus>1</ItemStatus>
    </Item>
    <Item>
      <PriceUpdateDate>2024-12-25 12:17</PriceUpdateDate>
      <ItemCode>3600542541602</ItemCode>
      <ItemType>1</ItemType>
      <ItemName>גרנייה סרום ויטמין סי30מ</ItemName>
      <ManufacturerName>KARLSRUHE</ManufacturerName>
      <ManufactureCountry>DE</ManufactureCountry>
      <ManufacturerItemDescription>גרנייה סרום ויטמ</ManufacturerItemDescription>
      <UnitQty>מיליליטרים</UnitQty>
      <Quantity>30.00</Quantity>
      <bIsWeighted>0</bIsWeighted>
      <UnitOfMeasure>100 מ"ל</UnitOfMeasure>
      <QtyInPackage>1</QtyInPackage>
      <ItemPrice>66.90</ItemPrice>
      <UnitOfMeasurePrice>223.00</UnitOfMeasurePrice>
      <AllowDiscount>1</AllowDiscount>
      <ItemStatus>1</ItemStatus>
    </Item>
    <Item>
      <PriceUpdateDate>2024-12-25 12:17</PriceUpdateDate>
      <ItemCode>3600542566230</ItemCode>
      <ItemType>1</ItemType>
      <ItemName>פיור אקטיב ג'ל ניקוי 250</ItemName>
      <ManufacturerName>KARLSRUHE</ManufacturerName>
      <ManufactureCountry>DE</ManufactureCountry>
      <ManufacturerItemDescription>פיור אקטיב ג'ל נ</ManufacturerItemDescription>
      <UnitQty>מיליליטרים</UnitQty>
      <Quantity>250.00</Quantity>
      <bIsWeighted>0</bIsWeighted>
      <UnitOfMeasure>100 מ"ל</UnitOfMeasure>
      <QtyInPackage>1</QtyInPackage>
      <ItemPrice>46.50</ItemPrice>
      <UnitOfMeasurePrice>18.60</UnitOfMeasurePrice>
      <AllowDiscount>1</AllowDiscount>
      <ItemStatus>1</ItemStatus>
    </Item>
    <Item>
      <PriceUpdateDate>2024-12-25 12:17</PriceUpdateDate>
      <ItemCode>3605533286555</ItemCode>
      <ItemType>1</ItemType>
      <ItemName>belle est vie La אדפ100מ</ItemName>
      <ManufacturerName>לנקום בישום</ManufacturerName>
      <ManufactureCountry>FR</ManufactureCountry>
      <ManufacturerItemDescription>belle est vie La</ManufacturerItemDescription>
      <UnitQty>מיליליטרים</UnitQty>
      <Quantity>100.00</Quantity>
      <bIsWeighted>0</bIsWeighted>
      <UnitOfMeasure>100 מ"ל</UnitOfMeasure>
      <QtyInPackage>1</QtyInPackage>
      <ItemPrice>435.00</ItemPrice>
      <UnitOfMeasurePrice>435.00</UnitOfMeasurePrice>
      <AllowDiscount>1</AllowDiscount>
      <ItemStatus>1</ItemStatus>
    </Item>
    <Item>
      <PriceUpdateDate>2024-12-25 12:17</PriceUpdateDate>
      <ItemCode>3614223113347</ItemCode>
      <ItemType>1</ItemType>
      <ItemName>NOMADE א.ד.פ לאשה75 מל</ItemName>
      <ManufacturerName>איניבידואל-שסטו</ManufacturerName>
      <ManufactureCountry>GR</ManufactureCountry>
      <ManufacturerItemDescription>NOMADE א.ד.פ אשה</ManufacturerItemDescription>
      <UnitQty>מיליליטרים</UnitQty>
      <Quantity>75.00</Quantity>
      <bIsWeighted>0</bIsWeighted>
      <UnitOfMeasure>100 מ"ל</UnitOfMeasure>
      <QtyInPackage>1</QtyInPackage>
      <ItemPrice>550.00</ItemPrice>
      <UnitOfMeasurePrice>733.33</UnitOfMeasurePrice>
      <AllowDiscount>1</AllowDiscount>
      <ItemStatus>1</ItemStatus>
    </Item>
    <Item>
      <PriceUpdateDate>2024-12-25 12:17</PriceUpdateDate>
      <ItemCode>3770000002775</ItemCode>
      <ItemType>1</ItemType>
      <ItemName>נוט א פרפיום אדפ אשה100מ</ItemName>
      <ManufacturerName>כללי</ManufacturerName>
      <ManufactureCountry>IL</ManufactureCountry>
      <ManufacturerItemDescription>PERFUME A NOT</ManufacturerItemDescription>
      <UnitQty>מיליליטרים</UnitQty>
      <Quantity>100.00</Quantity>
      <bIsWeighted>0</bIsWeighted>
      <UnitOfMeasure>100 מ"ל</UnitOfMeasure>
      <QtyInPackage>1</QtyInPackage>
      <ItemPrice>399.00</ItemPrice>
      <UnitOfMeasurePrice>399.00</UnitOfMeasurePrice>
      <AllowDiscount>1</AllowDiscount>
      <ItemStatus>1</ItemStatus>
    </Item>
    <Item>
      <PriceUpdateDate>2024-12-25 06:40</PriceUpdateDate>
      <ItemCode>38000232176</ItemCode>
      <ItemType>1</ItemType>
      <ItemName>פרינגלס שמנת בצל 158 גרם</ItemName>
      <ManufacturerName>פרינגלס מנופקצ'ורינג קונ</ManufacturerName>
      <ManufactureCountry>US</ManufactureCountry>
      <ManufacturerItemDescription>פרינגלס שמנת בצל</ManufacturerItemDescription>
      <UnitQty>גרמים</UnitQty>
      <Quantity>158.00</Quantity>
      <bIsWeighted>0</bIsWeighted>
      <UnitOfMeasure>100 גרם</UnitOfMeasure>
      <QtyInPackage>1</QtyInPackage>
      <ItemPrice>13.90</ItemPrice>
      <UnitOfMeasurePrice>8.80</UnitOfMeasurePrice>
      <AllowDiscount>1</AllowDiscount>
      <ItemStatus>0</ItemStatus>
    </Item>
    <Item>
      <PriceUpdateDate>2024-12-25 06:20</PriceUpdateDate>
      <ItemCode>4000417224002</ItemCode>
      <ItemType>1</ItemType>
      <ItemName>שוק.ריטר מריר אגוזים100ג</ItemName>
      <ManufacturerName>אלפרד ריטר</ManufacturerName>
      <ManufactureCountry>DE</ManufactureCountry>
      <ManufacturerItemDescription>שוק.ריטר מריר אגוזים100ג</ManufacturerItemDescription>
      <UnitQty>גרמים</UnitQty>
      <Quantity>100.00</Quantity>
      <bIsWeighted>0</bIsWeighted>
      <UnitOfMeasure>100 גרם</UnitOfMeasure>
      <QtyInPackage>0</QtyInPackage>
      <ItemPrice>14.90</ItemPrice>
      <UnitOfMeasurePrice>14.90</UnitOfMeasurePrice>
      <AllowDiscount>1</AllowDiscount>
      <ItemStatus>0</ItemStatus>
    </Item>
    <Item>
      <PriceUpdateDate>2024-12-25 06:20</PriceUpdateDate>
      <ItemCode>4002448019480</ItemCode>
      <ItemType>1</ItemType>
      <ItemName>סיליט באנג מסיר שומן750מ</ItemName>
      <ManufacturerName>רקיט בנקיזר</ManufacturerName>
      <ManufactureCountry>PL</ManufactureCountry>
      <ManufacturerItemDescription>סיליט באנג</ManufacturerItemDescription>
      <UnitQty>מיליליטרים</UnitQty>
      <Quantity>750.00</Quantity>
      <bIsWeighted>0</bIsWeighted>
      <UnitOfMeasure>100 מ"ל</UnitOfMeasure>
      <QtyInPackage>0</QtyInPackage>
      <ItemPrice>16.90</ItemPrice>
      <UnitOfMeasurePrice>2.25</UnitOfMeasurePrice>
      <AllowDiscount>1</AllowDiscount>
      <ItemStatus>1</ItemStatus>
    </Item>
    <Item>
      <PriceUpdateDate>2024-12-25 06:40</PriceUpdateDate>
      <ItemCode>4004666107819</ItemCode>
      <ItemType>1</ItemType>
      <ItemName>מלרוד לניקוי מזגן 500 מל</ItemName>
      <ManufacturerName>מלרוד</ManufacturerName>
      <ManufactureCountry>DE</ManufactureCountry>
      <ManufacturerItemDescription>מלרוד ניקוי מזגן</ManufacturerItemDescription>
      <UnitQty>מיליליטרים</UnitQty>
      <Quantity>500.00</Quantity>
      <bIsWeighted>0</bIsWeighted>
      <UnitOfMeasure>100 מ"ל</UnitOfMeasure>
      <QtyInPackage>1</QtyInPackage>
      <ItemPrice>26.90</ItemPrice>
      <UnitOfMeasurePrice>5.38</UnitOfMeasurePrice>
      <AllowDiscount>1</AllowDiscount>
      <ItemStatus>0</ItemStatus>
    </Item>
    <Item>
      <PriceUpdateDate>2024-12-25 12:17</PriceUpdateDate>
      <ItemCode>4005808812028</ItemCode>
      <ItemType>1</ItemType>
      <ItemName>אסנשיאל קרם יום 50 מ"ל</ItemName>
      <ManufacturerName>HELLAS BEIERSDORF</ManufacturerName>
      <ManufactureCountry>DE</ManufactureCountry>
      <ManufacturerItemDescription>אסנשיאל קרם יום</ManufacturerItemDescription>
      <UnitQty>מיליליטרים</UnitQty>
      <Quantity>50.00</Quantity>
      <bIsWeighted>0</bIsWeighted>
      <UnitOfMeasure>100 מ"ל</UnitOfMeasure>
      <QtyInPackage>0</QtyInPackage>
      <ItemPrice>49.90</ItemPrice>
      <UnitOfMeasurePrice>99.80</UnitOfMeasurePrice>
      <AllowDiscount>1</AllowDiscount>
      <ItemStatus>1</ItemStatus>
    </Item>
    <Item>
      <PriceUpdateDate>2024-12-25 12:17</PriceUpdateDate>
      <ItemCode>4005808812875</ItemCode>
      <ItemType>1</ItemType>
      <ItemName>Q10 קרם יום 50 מ"ל</ItemName>
      <ManufacturerName>ביירסדורץ</ManufacturerName>
      <ManufactureCountry>PL</ManufactureCountry>
      <ManufacturerItemDescription>קרם ויסאז' Q10</ManufacturerItemDescription>
      <UnitQty>מיליליטרים</UnitQty>
      <Quantity>50.00</Quantity>
      <bIsWeighted>0</bIsWeighted>
      <UnitOfMeasure>100 מ"ל</UnitOfMeasure>
      <QtyInPackage>0</QtyInPackage>
      <ItemPrice>112.90</ItemPrice>
      <UnitOfMeasurePrice>225.80</UnitOfMeasurePrice>
      <AllowDiscount>1</AllowDiscount>
      <ItemStatus>1</ItemStatus>
    </Item>
    <Item>
      <PriceUpdateDate>2024-12-25 12:17</PriceUpdateDate>
      <ItemCode>4005808812899</ItemCode>
      <ItemType>1</ItemType>
      <ItemName>Q10 קרם לילה 50 מ"ל</ItemName>
      <ManufacturerName>ביירסדורץ</ManufacturerName>
      <ManufactureCountry>PL</ManufactureCountry>
      <ManufacturerItemDescription>קרם נגד קמטים</ManufacturerItemDescription>
      <UnitQty>מיליליטרים</UnitQty>
      <Quantity>50.00</Quantity>
      <bIsWeighted>0</bIsWeighted>
      <UnitOfMeasure>100 מ"ל</UnitOfMeasure>
      <QtyInPackage>0</QtyInPackage>
      <ItemPrice>112.90</ItemPrice>
      <UnitOfMeasurePrice>225.80</UnitOfMeasurePrice>
      <AllowDiscount>1</AllowDiscount>
      <ItemStatus>1</ItemStatus>
    </Item>
    <Item>
      <PriceUpdateDate>2024-12-25 06:10</PriceUpdateDate>
      <ItemCode>4005808813063</ItemCode>
      <ItemType>1</ItemType>
      <ItemName>תחל.לאחר גילוח-ע.רגיש100</ItemName>
      <ManufacturerName>ביירסדורף</ManufacturerName>
      <ManufactureCountry>DE</ManufactureCountry>
      <ManufacturerItemDescription>ניוואה אפטר שייב</ManufacturerItemDescription>
      <UnitQty>מיליליטרים</UnitQty>
      <Quantity>100.00</Quantity>
      <bIsWeighted>0</bIsWeighted>
      <UnitOfMeasure>100 מ"ל</UnitOfMeasure>
      <QtyInPackage>0</QtyInPackage>
      <ItemPrice>49.90</ItemPrice>
      <UnitOfMeasurePrice>49.90</UnitOfMeasurePrice>
      <AllowDiscount>1</AllowDiscount>
      <ItemStatus>0</ItemStatus>
    </Item>
    <Item>
      <PriceUpdateDate>2024-12-25 12:17</PriceUpdateDate>
      <ItemCode>4005900496331</ItemCode>
      <ItemType>1</ItemType>
      <ItemName>מים מיסלריים אקספרט400מ</ItemName>
      <ManufacturerName>אלפא קוסמטיקה</ManufacturerName>
      <ManufactureCountry>FR</ManufactureCountry>
      <ManufacturerItemDescription>מים מיסלריים אקס</ManufacturerItemDescription>
      <UnitQty>מיליליטרים</UnitQty>
      <Quantity>400.00</Quantity>
      <bIsWeighted>0</bIsWeighted>
      <UnitOfMeasure>100 מ"ל</UnitOfMeasure>
      <QtyInPackage>1</QtyInPackage>
      <ItemPrice>40.90</ItemPrice>
      <UnitOfMeasurePrice>10.23</UnitOfMeasurePrice>
      <AllowDiscount>1</AllowDiscount>
      <ItemStatus>1</ItemStatus>
    </Item>
    <Item>
      <PriceUpdateDate>2024-12-25 12:17</PriceUpdateDate>
      <ItemCode>4005900562029</ItemCode>
      <ItemType>1</ItemType>
      <ItemName>מים מיסלריים ורדים 400מל</ItemName>
      <ManufacturerName>כללי</ManufacturerName>
      <ManufactureCountry>DE</ManufactureCountry>
      <ManufacturerItemDescription>מים מיסלריים ורד</ManufacturerItemDescription>
      <UnitQty>מיליליטרים</UnitQty>
      <Quantity>400.00</Quantity>
      <bIsWeighted>0</bIsWeighted>
      <UnitOfMeasure>100 מ"ל</UnitOfMeasure>
      <QtyInPackage>1</QtyInPackage>
      <ItemPrice>40.90</ItemPrice>
      <UnitOfMeasurePrice>10.23</UnitOfMeasurePrice>
      <AllowDiscount>1</AllowDiscount>
      <ItemStatus>1</ItemStatus>
    </Item>
    <Item>
      <PriceUpdateDate>2024-12-25 12:17</PriceUpdateDate>
      <ItemCode>4005900835642</ItemCode>
      <ItemType>1</ItemType>
      <ItemName>3ב1ניקוי,פילינג,מסכה150מ</ItemName>
      <ManufacturerName>---</ManufacturerName>
      <ManufactureCountry>FR</ManufactureCountry>
      <ManufacturerItemDescription>3 ב1- ניקוי, פיל</ManufacturerItemDescription>
      <UnitQty>מיליליטרים</UnitQty>
      <Quantity>150.00</Quantity>
      <bIsWeighted>0</bIsWeighted>
      <UnitOfMeasure>100 מ"ל</UnitOfMeasure>
      <QtyInPackage>1</QtyInPackage>
      <ItemPrice>40.90</ItemPrice>
      <UnitOfMeasurePrice>27.27</UnitOfMeasurePrice>
      <AllowDiscount>1</AllowDiscount>
      <ItemStatus>1</ItemStatus>
    </Item>
    <Item>
      <PriceUpdateDate>2024-12-25 07:00</PriceUpdateDate>
      <ItemCode>4009300019251</ItemCode>
      <ItemType>1</ItemType>
      <ItemName>חליטת עוגיות קנמון 50 גר</ItemName>
      <ManufacturerName>טיקנה</ManufacturerName>
      <ManufactureCountry>DE</ManufactureCountry>
      <ManufacturerItemDescription>חליטת עוגיות קנמ</ManufacturerItemDescription>
      <UnitQty>גרמים</UnitQty>
      <Quantity>50.00</Quantity>
      <bIsWeighted>0</bIsWeighted>
      <UnitOfMeasure>100 גרם</UnitOfMeasure>
      <QtyInPackage>1</QtyInPackage>
      <ItemPrice>17.50</ItemPrice>
      <UnitOfMeasurePrice>35.00</UnitOfMeasurePrice>
      <AllowDiscount>1</AllowDiscount>
      <ItemStatus>1</ItemStatus>
    </Item>
    <Item>
      <PriceUpdateDate>2024-12-25 06:20</PriceUpdateDate>
      <ItemCode>4009300525011</ItemCode>
      <ItemType>1</ItemType>
      <ItemName>תה ירוק תפוז ג'ינג'ר20שק</ItemName>
      <ManufacturerName>טיקנה</ManufacturerName>
      <ManufactureCountry>DE</ManufactureCountry>
      <ManufacturerItemDescription>תה ירוק תפוז גינגר20שק</ManufacturerItemDescription>
      <UnitQty>גרמים</UnitQty>
      <Quantity>30.00</Quantity>
      <bIsWeighted>0</bIsWeighted>
      <UnitOfMeasure>100 גרם</UnitOfMeasure>
      <QtyInPackage>0</QtyInPackage>
      <ItemPrice>21.90</ItemPrice>
      <UnitOfMeasurePrice>73.00</UnitOfMeasurePrice>
      <AllowDiscount>1</AllowDiscount>
      <ItemStatus>0</ItemStatus>
    </Item>
    <Item>
      <PriceUpdateDate>2024-12-25 06:30</PriceUpdateDate>
      <ItemCode>4009900509770</ItemCode>
      <ItemType>1</ItemType>
      <ItemName>מסטיק בקבוק M תות 84 גרם</ItemName>
      <ManufacturerName>ריגלי</ManufacturerName>
      <ManufactureCountry>GB</ManufactureCountry>
      <ManufacturerItemDescription>אורביט בקבוק</ManufacturerItemDescription>
      <UnitQty>גרמים</UnitQty>
      <Quantity>84.00</Quantity>
      <bIsWeighted>0</bIsWeighted>
      <UnitOfMeasure>100 גרם</UnitOfMeasure>
      <QtyInPackage>1</QtyInPackage>
      <ItemPrice>17.50</ItemPrice>
      <UnitOfMeasurePrice>20.83</UnitOfMeasurePrice>
      <AllowDiscount>1</AllowDiscount>
      <ItemStatus>0</ItemStatus>
    </Item>
    <Item>
      <PriceUpdateDate>2024-12-25 06:30</PriceUpdateDate>
      <ItemCode>4015400715320</ItemCode>
      <ItemType>1</ItemType>
      <ItemName>טמפקס קומפאק רגולר 22 יח</ItemName>
      <ManufacturerName>---</ManufacturerName>
      <ManufactureCountry>HU</ManufactureCountry>
      <ManufacturerItemDescription>טמפקס קומפאק</ManufacturerItemDescription>
      <UnitQty>יחידה</UnitQty>
      <Quantity>1.00</Quantity>
      <bIsWeighted>0</bIsWeighted>
      <UnitOfMeasure>יחידה</UnitOfMeasure>
      <QtyInPackage>1</QtyInPackage>
      <ItemPrice>25.90</ItemPrice>
      <UnitOfMeasurePrice>25.90</UnitOfMeasurePrice>
      <AllowDiscount>1</AllowDiscount>
      <ItemStatus>1</ItemStatus>
    </Item>
    <Item>
      <PriceUpdateDate>2024-12-25 06:30</PriceUpdateDate>
      <ItemCode>4017100364112</ItemCode>
      <ItemType>1</ItemType>
      <ItemName>עוג.סנדוויץ היט קקאו220ג</ItemName>
      <ManufacturerName>באלסן</ManufacturerName>
      <ManufactureCountry>PL</ManufactureCountry>
      <ManufacturerItemDescription>עוגיות סנדוויץ</ManufacturerItemDescription>
      <UnitQty>גרמים</UnitQty>
      <Quantity>220.00</Quantity>
      <bIsWeighted>0</bIsWeighted>
      <UnitOfMeasure>100 גרם</UnitOfMeasure>
      <QtyInPackage>1</QtyInPackage>
      <ItemPrice>12.90</ItemPrice>
      <UnitOfMeasurePrice>5.86</UnitOfMeasurePrice>
      <AllowDiscount>1</AllowDiscount>
      <ItemStatus>0</ItemStatus>
    </Item>
    <Item>
      <PriceUpdateDate>2024-12-25 06:30</PriceUpdateDate>
      <ItemCode>4022025001905</ItemCode>
      <ItemType>1</ItemType>
      <ItemName>בלו ווין מבעבע זהב 750מל</ItemName>
      <ManufacturerName>היי סישל סוהן טראבן</ManufacturerName>
      <ManufactureCountry>DE</ManufactureCountry>
      <ManufacturerItemDescription>בלו ווין מבעבע</ManufacturerItemDescription>
      <UnitQty>מיליליטרים</UnitQty>
      <Quantity>750.00</Quantity>
      <bIsWeighted>0</bIsWeighted>
      <UnitOfMeasure>100 מ"ל</UnitOfMeasure>
      <QtyInPackage>1</QtyInPackage>
      <ItemPrice>59.90</ItemPrice>
      <UnitOfMeasurePrice>7.99</UnitOfMeasurePrice>
      <AllowDiscount>1</AllowDiscount>
      <ItemStatus>0</ItemStatus>
    </Item>
    <Item>
      <PriceUpdateDate>2024-12-25 06:50</PriceUpdateDate>
      <ItemCode>4044889004571</ItemCode>
      <ItemType>1</ItemType>
      <ItemName>שוקולד לבן ווניל אורגני</ItemName>
      <ManufacturerName>לודויג וינריצ'</ManufacturerName>
      <ManufactureCountry>DE</ManufactureCountry>
      <ManufacturerItemDescription>שוקולד לבן ווניל</ManufacturerItemDescription>
      <UnitQty>גרמים</UnitQty>
      <Quantity>80.00</Quantity>
      <bIsWeighted>0</bIsWeighted>
      <UnitOfMeasure>100 גרם</UnitOfMeasure>
      <QtyInPackage>1</QtyInPackage>
      <ItemPrice>17.90</ItemPrice>
      <UnitOfMeasurePrice>22.38</UnitOfMeasurePrice>
      <AllowDiscount>1</AllowDiscount>
      <ItemStatus>1</ItemStatus>
    </Item>
    <Item>
      <PriceUpdateDate>2024-12-25 06:30</PriceUpdateDate>
      <ItemCode>4066600999614</ItemCode>
      <ItemType>1</ItemType>
      <ItemName>בירה פאולנר חיטה 500 מ"ל</ItemName>
      <ManufacturerName>מבשלת פאולנר</ManufacturerName>
      <ManufactureCountry>DE</ManufactureCountry>
      <ManufacturerItemDescription>בירה פאולנר חיטה</ManufacturerItemDescription>
      <UnitQty>מיליליטרים</UnitQty>
      <Quantity>500.00</Quantity>
      <bIsWeighted>0</bIsWeighted>
      <UnitOfMeasure>100 מ"ל</UnitOfMeasure>
      <QtyInPackage>1</QtyInPackage>
      <ItemPrice>15.90</ItemPrice>
      <UnitOfMeasurePrice>3.18</UnitOfMeasurePrice>
      <AllowDiscount>1</AllowDiscount>
      <ItemStatus>0</ItemStatus>
    </Item>
    <Item>
      <PriceUpdateDate>2024-12-25 06:40</PriceUpdateDate>
      <ItemCode>4084500739253</ItemCode>
      <ItemType>1</ItemType>
      <ItemName>אורל בי White 3Dלובן75מל</ItemName>
      <ManufacturerName>פרוקטר אנד גמבל</ManufacturerName>
      <ManufactureCountry>DE</ManufactureCountry>
      <ManufacturerItemDescription>משחת אורל בי</ManufacturerItemDescription>
      <UnitQty>מיליליטרים</UnitQty>
      <Quantity>75.00</Quantity>
      <bIsWeighted>0</bIsWeighted>
      <UnitOfMeasure>100 מ"ל</UnitOfMeasure>
      <QtyInPackage>1</QtyInPackage>
      <ItemPrice>26.90</ItemPrice>
      <UnitOfMeasurePrice>35.87</UnitOfMeasurePrice>
      <AllowDiscount>1</AllowDiscount>
      <ItemStatus>1</ItemStatus>
    </Item>
    <Item>
      <PriceUpdateDate>2024-12-25 06:40</PriceUpdateDate>
      <ItemCode>4210201360742</ItemCode>
      <ItemType>1</ItemType>
      <ItemName>אורל בי ראש חשמלי 4 יח</ItemName>
      <ManufacturerName>בראון</ManufacturerName>
      <ManufactureCountry>IE</ManufactureCountry>
      <ManufacturerItemDescription>אורל בי ראש חשמלי 4 יח</ManufacturerItemDescription>
      <UnitQty>יחידה</UnitQty>
      <Quantity>1.00</Quantity>
      <bIsWeighted>0</bIsWeighted>
      <UnitOfMeasure>יחידה</UnitOfMeasure>
      <QtyInPackage>1</QtyInPackage>
      <ItemPrice>99.90</ItemPrice>
      <UnitOfMeasurePrice>99.90</UnitOfMeasurePrice>
      <AllowDiscount>1</AllowDiscount>
      <ItemStatus>0</ItemStatus>
    </Item>
    <Item>
      <PriceUpdateDate>2024-12-25 06:50</PriceUpdateDate>
      <ItemCode>4605246004339</ItemCode>
      <ItemType>1</ItemType>
      <ItemName>חליטת תה סאמר בוקט 25 שק</ItemName>
      <ManufacturerName>גרינפילד</ManufacturerName>
      <ManufactureCountry>RU</ManufactureCountry>
      <ManufacturerItemDescription>חליטת סאמר בוקט</ManufacturerItemDescription>
      <UnitQty>יחידה</UnitQty>
      <Quantity>1.00</Quantity>
      <bIsWeighted>0</bIsWeighted>
      <UnitOfMeasure>יחידה</UnitOfMeasure>
      <QtyInPackage>1</QtyInPackage>
      <ItemPrice>12.90</ItemPrice>
      <UnitOfMeasurePrice>12.90</UnitOfMeasurePrice>
      <AllowDiscount>1</AllowDiscount>
      <ItemStatus>0</ItemStatus>
    </Item>
    <Item>
      <PriceUpdateDate>2024-12-25 06:30</PriceUpdateDate>
      <ItemCode>4610028130052</ItemCode>
      <ItemType>1</ItemType>
      <ItemName>וודקה לגנד אוף קרמלין700</ItemName>
      <ManufacturerName>איטאר בע"מ קלינינגרד</ManufacturerName>
      <ManufactureCountry>RU</ManufactureCountry>
      <ManufacturerItemDescription>וודקה לגנד אוף קרמלין700</ManufacturerItemDescription>
      <UnitQty>מיליליטרים</UnitQty>
      <Quantity>700.00</Quantity>
      <bIsWeighted>0</bIsWeighted>
      <UnitOfMeasure>100 מ"ל</UnitOfMeasure>
      <QtyInPackage>1</QtyInPackage>
      <ItemPrice>104.90</ItemPrice>
      <UnitOfMeasurePrice>14.98</UnitOfMeasurePrice>
      <AllowDiscount>1</AllowDiscount>
      <ItemStatus>0</ItemStatus>
    </Item>
    <Item>
      <PriceUpdateDate>2024-12-25 07:00</PriceUpdateDate>
      <ItemCode>4760161882155</ItemCode>
      <ItemType>1</ItemType>
      <ItemName>פסטה פרפלה 400 גרם</ItemName>
      <ManufacturerName>אברומק אל.אל סי</ManufacturerName>
      <ManufactureCountry>AZ</ManufactureCountry>
      <ManufacturerItemDescription>פסטה פרפלה 400 גרם</ManufacturerItemDescription>
      <UnitQty>גרמים</UnitQty>
      <Quantity>400.00</Quantity>
      <bIsWeighted>0</bIsWeighted>
      <UnitOfMeasure>100 גרם</UnitOfMeasure>
      <QtyInPackage>1</QtyInPackage>
      <ItemPrice>6.90</ItemPrice>
      <UnitOfMeasurePrice>1.73</UnitOfMeasurePrice>
      <AllowDiscount>1</AllowDiscount>
      <ItemStatus>1</ItemStatus>
    </Item>
    <Item>
      <PriceUpdateDate>2024-12-25 07:00</PriceUpdateDate>
      <ItemCode>4823077633317</ItemCode>
      <ItemType>1</ItemType>
      <ItemName>עוג.לוביטה שוק.חתיכות150</ItemName>
      <ManufacturerName>---</ManufacturerName>
      <ManufactureCountry>UA</ManufactureCountry>
      <ManufacturerItemDescription>עוג.לוביטה שוקול</ManufacturerItemDescription>
      <UnitQty>גרמים</UnitQty>
      <Quantity>150.00</Quantity>
      <bIsWeighted>0</bIsWeighted>
      <UnitOfMeasure>100 גרם</UnitOfMeasure>
      <QtyInPackage>1</QtyInPackage>
      <ItemPrice>8.90</ItemPrice>
      <UnitOfMeasurePrice>5.93</UnitOfMeasurePrice>
      <AllowDiscount>1</AllowDiscount>
      <ItemStatus>0</ItemStatus>
    </Item>
    <Item>
      <PriceUpdateDate>2024-12-25 07:00</PriceUpdateDate>
      <ItemCode>4823077636400</ItemCode>
      <ItemType>1</ItemType>
      <ItemName>עוגיות לוביטה קרם חלב127</ItemName>
      <ManufacturerName>---</ManufacturerName>
      <ManufactureCountry>UA</ManufactureCountry>
      <ManufacturerItemDescription>עוגיות לוביטה</ManufacturerItemDescription>
      <UnitQty>גרמים</UnitQty>
      <Quantity>127.00</Quantity>
      <bIsWeighted>0</bIsWeighted>
      <UnitOfMeasure>100 גרם</UnitOfMeasure>
      <QtyInPackage>1</QtyInPackage>
      <ItemPrice>8.90</ItemPrice>
      <UnitOfMeasurePrice>7.01</UnitOfMeasurePrice>
      <AllowDiscount>1</AllowDiscount>
      <ItemStatus>0</ItemStatus>
    </Item>
    <Item>
      <PriceUpdateDate>2024-12-25 06:50</PriceUpdateDate>
      <ItemCode>4823077643064</ItemCode>
      <ItemType>1</ItemType>
      <ItemName>חמאה 82.5% רושן בד"ץ200ג</ItemName>
      <ManufacturerName>רושן</ManufacturerName>
      <ManufactureCountry>UA</ManufactureCountry>
      <ManufacturerItemDescription>חמאה 82.5% רושן בד"ץ200ג</ManufacturerItemDescription>
      <UnitQty>גרמים</UnitQty>
      <Quantity>200.00</Quantity>
      <bIsWeighted>0</bIsWeighted>
      <UnitOfMeasure>100 גרם</UnitOfMeasure>
      <QtyInPackage>1</QtyInPackage>
      <ItemPrice>14.90</ItemPrice>
      <UnitOfMeasurePrice>7.45</UnitOfMeasurePrice>
      <AllowDiscount>1</AllowDiscount>
      <ItemStatus>1</ItemStatus>
    </Item>
    <Item>
      <PriceUpdateDate>2024-12-25 07:00</PriceUpdateDate>
      <ItemCode>4823097809815</ItemCode>
      <ItemType>1</ItemType>
      <ItemName>שלגון אוכמניות 85ג RUD</ItemName>
      <ManufacturerName>MASLOZAVO ZHITOMIRSI JSC</ManufacturerName>
      <ManufactureCountry>UA</ManufactureCountry>
      <ManufacturerItemDescription>שלגון אוכמניות כ</ManufacturerItemDescription>
      <UnitQty>גרמים</UnitQty>
      <Quantity>85.00</Quantity>
      <bIsWeighted>0</bIsWeighted>
      <UnitOfMeasure>100 גרם</UnitOfMeasure>
      <QtyInPackage>1</QtyInPackage>
      <ItemPrice>5.90</ItemPrice>
      <UnitOfMeasurePrice>6.94</UnitOfMeasurePrice>
      <AllowDiscount>1</AllowDiscount>
      <ItemStatus>0</ItemStatus>
    </Item>
    <Item>
      <PriceUpdateDate>2024-12-25 07:00</PriceUpdateDate>
      <ItemCode>4823097813614</ItemCode>
      <ItemType>1</ItemType>
      <ItemName>גלידת אסקימוס שוקו500RUD</ItemName>
      <ManufacturerName>זיטומירסקי מאלוקוזאבוד</ManufacturerName>
      <ManufactureCountry>UA</ManufactureCountry>
      <ManufacturerItemDescription>גלידת אסקימוס שו</ManufacturerItemDescription>
      <UnitQty>גרמים</UnitQty>
      <Quantity>500.00</Quantity>
      <bIsWeighted>0</bIsWeighted>
      <UnitOfMeasure>100 גרם</UnitOfMeasure>
      <QtyInPackage>1</QtyInPackage>
      <ItemPrice>24.90</ItemPrice>
      <UnitOfMeasurePrice>4.98</UnitOfMeasurePrice>
      <AllowDiscount>1</AllowDiscount>
      <ItemStatus>0</ItemStatus>
    </Item>
    <Item>
      <PriceUpdateDate>2024-12-25 06:20</PriceUpdateDate>
      <ItemCode>50000170180</ItemCode>
      <ItemType>1</ItemType>
      <ItemName>פריסקיז עוף ברוטב 156גרם</ItemName>
      <ManufacturerName>נסטלה פורינה</ManufacturerName>
      <ManufactureCountry>US</ManufactureCountry>
      <ManufacturerItemDescription>פריסקיז לחתול</ManufacturerItemDescription>
      <UnitQty>גרמים</UnitQty>
      <Quantity>156.00</Quantity>
      <bIsWeighted>0</bIsWeighted>
      <UnitOfMeasure>100 גרם</UnitOfMeasure>
      <QtyInPackage>0</QtyInPackage>
      <ItemPrice>7.00</ItemPrice>
      <UnitOfMeasurePrice>4.49</UnitOfMeasurePrice>
      <AllowDiscount>1</AllowDiscount>
      <ItemStatus>1</ItemStatus>
    </Item>
    <Item>
      <PriceUpdateDate>2024-12-25 07:00</PriceUpdateDate>
      <ItemCode>5000204312416</ItemCode>
      <ItemType>1</ItemType>
      <ItemName>דאק גל אסלה הדרים 55מ"ל</ItemName>
      <ManufacturerName>דאופלור S.P.I</ManufacturerName>
      <ManufactureCountry>IT</ManufactureCountry>
      <ManufacturerItemDescription>דאק גל אסלה הדרים 55מ"ל</ManufacturerItemDescription>
      <UnitQty>מיליליטרים</UnitQty>
      <Quantity>55.00</Quantity>
      <bIsWeighted>0</bIsWeighted>
      <UnitOfMeasure>100 מ"ל</UnitOfMeasure>
      <QtyInPackage>1</QtyInPackage>
      <ItemPrice>11.90</ItemPrice>
      <UnitOfMeasurePrice>21.64</UnitOfMeasurePrice>
      <AllowDiscount>1</AllowDiscount>
      <ItemStatus>0</ItemStatus>
    </Item>
    <Item>
      <PriceUpdateDate>2024-12-25 12:17</PriceUpdateDate>
      <ItemCode>5000207004981</ItemCode>
      <ItemType>1</ItemType>
      <ItemName>מי פנים רגיש 200 מ"ל</ItemName>
      <ManufacturerName>---</ManufacturerName>
      <ManufactureCountry>IT</ManufactureCountry>
      <ManufacturerItemDescription>מי פנים</ManufacturerItemDescription>
      <UnitQty>מיליליטרים</UnitQty>
      <Quantity>200.00</Quantity>
      <bIsWeighted>0</bIsWeighted>
      <UnitOfMeasure>100 מ"ל</UnitOfMeasure>
      <QtyInPackage>0</QtyInPackage>
      <ItemPrice>51.50</ItemPrice>
      <UnitOfMeasurePrice>25.75</UnitOfMeasurePrice>
      <AllowDiscount>1</AllowDiscount>
      <ItemStatus>1</ItemStatus>
    </Item>
    <Item>
      <PriceUpdateDate>2024-12-25 06:10</PriceUpdateDate>
      <ItemCode>5010182997680</ItemCode>
      <ItemType>1</ItemType>
      <ItemName>רייד קוטל זוחלים 300 מ"ל</ItemName>
      <ManufacturerName>אס.סי.גונסון מידרכט</ManufacturerName>
      <ManufactureCountry>NL</ManufactureCountry>
      <ManufacturerItemDescription>רייד קוטל זוחלים 300 מ"ל</ManufacturerItemDescription>
      <UnitQty>מיליליטרים</UnitQty>
      <Quantity>300.00</Quantity>
      <bIsWeighted>0</bIsWeighted>
      <UnitOfMeasure>100 מ"ל</UnitOfMeasure>
      <QtyInPackage>0</QtyInPackage>
      <ItemPrice>18.90</ItemPrice>
      <UnitOfMeasurePrice>6.30</UnitOfMeasurePrice>
      <AllowDiscount>1</AllowDiscount>
      <ItemStatus>0</ItemStatus>
    </Item>
    <Item>
      <PriceUpdateDate>2024-12-25 06:30</PriceUpdateDate>
      <ItemCode>5010677551397</ItemCode>
      <ItemType>1</ItemType>
      <ItemName>בריזר למון ליים 275 מ"ל</ItemName>
      <ManufacturerName>בקרדי בע"מ</ManufacturerName>
      <ManufactureCountry>BE</ManufactureCountry>
      <ManufacturerItemDescription>בריזר למון ליים 275 מ"ל</ManufacturerItemDescription>
      <UnitQty>מיליליטרים</UnitQty>
      <Quantity>275.00</Quantity>
      <bIsWeighted>0</bIsWeighted>
      <UnitOfMeasure>100 מ"ל</UnitOfMeasure>
      <QtyInPackage>1</QtyInPackage>
      <ItemPrice>17.90</ItemPrice>
      <UnitOfMeasurePrice>6.51</UnitOfMeasurePrice>
      <AllowDiscount>1</AllowDiscount>
      <ItemStatus>0</ItemStatus>
    </Item>
    <Item>
      <PriceUpdateDate>2024-12-25 06:10</PriceUpdateDate>
      <ItemCode>5010677552387</ItemCode>
      <ItemType>1</ItemType>
      <ItemName>בריזר ט.אננס בקבוק 275מל</ItemName>
      <ManufacturerName>בקרדי בעמ</ManufacturerName>
      <ManufactureCountry>BE</ManufactureCountry>
      <ManufacturerItemDescription>בריזר ט.אננס בקבוק 275מל</ManufacturerItemDescription>
      <UnitQty>מיליליטרים</UnitQty>
      <Quantity>275.00</Quantity>
      <bIsWeighted>0</bIsWeighted>
      <UnitOfMeasure>100 מ"ל</UnitOfMeasure>
      <QtyInPackage>0</QtyInPackage>
      <ItemPrice>17.90</ItemPrice>
      <UnitOfMeasurePrice>6.51</UnitOfMeasurePrice>
      <AllowDiscount>1</AllowDiscount>
      <ItemStatus>0</ItemStatus>
    </Item>
    <Item>
      <PriceUpdateDate>2024-12-25 12:17</PriceUpdateDate>
      <ItemCode>5011408040791</ItemCode>
      <ItemType>1</ItemType>
      <ItemName>REVITALIFT קרם לילה 50מל</ItemName>
      <ManufacturerName>קרלסרו, גרמניה</ManufacturerName>
      <ManufactureCountry>DE</ManufactureCountry>
      <ManufacturerItemDescription>REVITALIFT קרם</ManufacturerItemDescription>
      <UnitQty>מיליליטרים</UnitQty>
      <Quantity>50.00</Quantity>
      <bIsWeighted>0</bIsWeighted>
      <UnitOfMeasure>100 מ"ל</UnitOfMeasure>
      <QtyInPackage>0</QtyInPackage>
      <ItemPrice>89.90</ItemPrice>
      <UnitOfMeasurePrice>179.80</UnitOfMeasurePrice>
      <AllowDiscount>1</AllowDiscount>
      <ItemStatus>1</ItemStatus>
    </Item>
    <Item>
      <PriceUpdateDate>2024-12-25 12:17</PriceUpdateDate>
      <ItemCode>5012251012249</ItemCode>
      <ItemType>1</ItemType>
      <ItemName>תרחיץ פילינג לפנים פחם י</ItemName>
      <ManufacturerName>---</ManufacturerName>
      <ManufactureCountry>GB</ManufactureCountry>
      <ManufacturerItemDescription>תרחיץ פילינג לפנים פחם י</ManufacturerItemDescription>
      <UnitQty>מיליליטרים</UnitQty>
      <Quantity>150.00</Quantity>
      <bIsWeighted>0</bIsWeighted>
      <UnitOfMeasure>100 מ"ל</UnitOfMeasure>
      <QtyInPackage>1</QtyInPackage>
      <ItemPrice>15.20</ItemPrice>
      <UnitOfMeasurePrice>10.13</UnitOfMeasurePrice>
      <AllowDiscount>1</AllowDiscount>
      <ItemStatus>1</ItemStatus>
    </Item>
    <Item>
      <PriceUpdateDate>2024-12-25 12:17</PriceUpdateDate>
      <ItemCode>5012251012256</ItemCode>
      <ItemType>1</ItemType>
      <ItemName>תרחיץ דטוקס לפנים 150 מ"</ItemName>
      <ManufacturerName>---</ManufacturerName>
      <ManufactureCountry>GB</ManufactureCountry>
      <ManufacturerItemDescription>תרחיץ דטוקס לפני</ManufacturerItemDescription>
      <UnitQty>מיליליטרים</UnitQty>
      <Quantity>150.00</Quantity>
      <bIsWeighted>0</bIsWeighted>
      <UnitOfMeasure>100 מ"ל</UnitOfMeasure>
      <QtyInPackage>1</QtyInPackage>
      <ItemPrice>15.20</ItemPrice>
      <UnitOfMeasurePrice>10.13</UnitOfMeasurePrice>
      <AllowDiscount>1</AllowDiscount>
      <ItemStatus>1</ItemStatus>
    </Item>
    <Item>
      <PriceUpdateDate>2024-12-25 06:40</PriceUpdateDate>
      <ItemCode>5014271002675</ItemCode>
      <ItemType>1</ItemType>
      <ItemName>מעדן תפוח וקינמון 284 גר</ItemName>
      <ManufacturerName>סנדלפור</ManufacturerName>
      <ManufactureCountry>FR</ManufactureCountry>
      <ManufacturerItemDescription>מעדן תפוח וקינמון 284 גר</ManufacturerItemDescription>
      <UnitQty>גרמים</UnitQty>
      <Quantity>284.00</Quantity>
      <bIsWeighted>0</bIsWeighted>
      <UnitOfMeasure>100 גרם</UnitOfMeasure>
      <QtyInPackage>1</QtyInPackage>
      <ItemPrice>24.90</ItemPrice>
      <UnitOfMeasurePrice>8.77</UnitOfMeasurePrice>
      <AllowDiscount>1</AllowDiscount>
      <ItemStatus>0</ItemStatus>
    </Item>
    <Item>
      <PriceUpdateDate>2024-12-25 06:10</PriceUpdateDate>
      <ItemCode>5029053523446</ItemCode>
      <ItemType>1</ItemType>
      <ItemName>קוטקס תחבושות נייט 20 יח</ItemName>
      <ManufacturerName>חוגלה קימברלי</ManufacturerName>
      <ManufactureCountry>CZ</ManufactureCountry>
      <ManufacturerItemDescription>תחבושות נייט קוט</ManufacturerItemDescription>
      <UnitQty>יחידה</UnitQty>
      <Quantity>1.00</Quantity>
      <bIsWeighted>0</bIsWeighted>
      <UnitOfMeasure>יחידה</UnitOfMeasure>
      <QtyInPackage>0</QtyInPackage>
      <ItemPrice>23.90</ItemPrice>
      <UnitOfMeasurePrice>23.90</UnitOfMeasurePrice>
      <AllowDiscount>1</AllowDiscount>
      <ItemStatus>1</ItemStatus>
    </Item>
    <Item>
      <PriceUpdateDate>2024-12-25 12:17</PriceUpdateDate>
      <ItemCode>5060103310012</ItemCode>
      <ItemType>1</ItemType>
      <ItemName>אסנטריק 01 אדט 100 מ"ל</ItemName>
      <ManufacturerName>רבלון בישום</ManufacturerName>
      <ManufactureCountry>GB</ManufactureCountry>
      <ManufacturerItemDescription>Escentric 01 אדט</ManufacturerItemDescription>
      <UnitQty>מיליליטרים</UnitQty>
      <Quantity>100.00</Quantity>
      <bIsWeighted>0</bIsWeighted>
      <UnitOfMeasure>100 מ"ל</UnitOfMeasure>
      <QtyInPackage>1</QtyInPackage>
      <ItemPrice>560.00</ItemPrice>
      <UnitOfMeasurePrice>560.00</UnitOfMeasurePrice>
      <AllowDiscount>1</AllowDiscount>
      <ItemStatus>1</ItemStatus>
    </Item>
    <Item>
      <PriceUpdateDate>2024-12-25 12:17</PriceUpdateDate>
      <ItemCode>5060103310029</ItemCode>
      <ItemType>1</ItemType>
      <ItemName>molecule 01 לאשה 100 מ"ל</ItemName>
      <ManufacturerName>טרי מוגלר בישום</ManufacturerName>
      <ManufactureCountry>GB</ManufactureCountry>
      <ManufacturerItemDescription>molecule 01 לאשה</ManufacturerItemDescription>
      <UnitQty>מיליליטרים</UnitQty>
      <Quantity>100.00</Quantity>
      <bIsWeighted>0</bIsWeighted>
      <UnitOfMeasure>100 מ"ל</UnitOfMeasure>
      <QtyInPackage>1</QtyInPackage>
      <ItemPrice>560.00</ItemPrice>
      <UnitOfMeasurePrice>560.00</UnitOfMeasurePrice>
      <AllowDiscount>1</AllowDiscount>
      <ItemStatus>1</ItemStatus>
    </Item>
    <Item>
      <PriceUpdateDate>2024-12-25 06:50</PriceUpdateDate>
      <ItemCode>5060477670002</ItemCode>
      <ItemType>1</ItemType>
      <ItemName>מי שתיה בתוספת מנרלי600מ</ItemName>
      <ManufacturerName>---</ManufacturerName>
      <ManufactureCountry>GB</ManufactureCountry>
      <ManufacturerItemDescription>מי שתיה</ManufacturerItemDescription>
      <UnitQty>מיליליטרים</UnitQty>
      <Quantity>600.00</Quantity>
      <bIsWeighted>0</bIsWeighted>
      <UnitOfMeasure>100 מ"ל</UnitOfMeasure>
      <QtyInPackage>1</QtyInPackage>
      <ItemPrice>11.90</ItemPrice>
      <UnitOfMeasurePrice>1.98</UnitOfMeasurePrice>
      <AllowDiscount>1</AllowDiscount>
      <ItemStatus>1</ItemStatus>
    </Item>
    <Item>
      <PriceUpdateDate>2024-12-25 06:10</PriceUpdateDate>
      <ItemCode>5201004020338</ItemCode>
      <ItemType>1</ItemType>
      <ItemName>גלילי וופל רולס קלאסי400</ItemName>
      <ManufacturerName>א.ג פאפאגופולוס</ManufacturerName>
      <ManufactureCountry>GR</ManufactureCountry>
      <ManufacturerItemDescription>גלילי וופל קפריס</ManufacturerItemDescription>
      <UnitQty>גרמים</UnitQty>
      <Quantity>400.00</Quantity>
      <bIsWeighted>0</bIsWeighted>
      <UnitOfMeasure>100 גרם</UnitOfMeasure>
      <QtyInPackage>1</QtyInPackage>
      <ItemPrice>26.90</ItemPrice>
      <UnitOfMeasurePrice>6.73</UnitOfMeasurePrice>
      <AllowDiscount>1</AllowDiscount>
      <ItemStatus>0</ItemStatus>
    </Item>
    <Item>
      <PriceUpdateDate>2024-12-25 12:17</PriceUpdateDate>
      <ItemCode>5410103161518</ItemCode>
      <ItemType>1</ItemType>
      <ItemName>פעולה משולשת קרם יום 50מ</ItemName>
      <ManufacturerName>קרלסרו, גרמניה</ManufacturerName>
      <ManufactureCountry>DE</ManufactureCountry>
      <ManufacturerItemDescription>פעולה משולשת קרם יום 50מ</ManufacturerItemDescription>
      <UnitQty>מיליליטרים</UnitQty>
      <Quantity>50.00</Quantity>
      <bIsWeighted>0</bIsWeighted>
      <UnitOfMeasure>100 מ"ל</UnitOfMeasure>
      <QtyInPackage>0</QtyInPackage>
      <ItemPrice>50.90</ItemPrice>
      <UnitOfMeasurePrice>101.80</UnitOfMeasurePrice>
      <AllowDiscount>1</AllowDiscount>
      <ItemStatus>1</ItemStatus>
    </Item>
    <Item>
      <PriceUpdateDate>2024-12-25 12:17</PriceUpdateDate>
      <ItemCode>5410103161617</ItemCode>
      <ItemType>1</ItemType>
      <ItemName>פעולה משולשת קרם לחות50מ</ItemName>
      <ManufacturerName>קרלסרו, גרמניה</ManufacturerName>
      <ManufactureCountry>DE</ManufactureCountry>
      <ManufacturerItemDescription>פעולה משולשת קרם לחות50מ</ManufacturerItemDescription>
      <UnitQty>מיליליטרים</UnitQty>
      <Quantity>50.00</Quantity>
      <bIsWeighted>0</bIsWeighted>
      <UnitOfMeasure>100 מ"ל</UnitOfMeasure>
      <QtyInPackage>0</QtyInPackage>
      <ItemPrice>50.90</ItemPrice>
      <UnitOfMeasurePrice>101.80</UnitOfMeasurePrice>
      <AllowDiscount>1</AllowDiscount>
      <ItemStatus>1</ItemStatus>
    </Item>
    <Item>
      <PriceUpdateDate>2024-12-25 06:30</PriceUpdateDate>
      <ItemCode>5410291021991</ItemCode>
      <ItemType>1</ItemType>
      <ItemName>ממרח אגוזי לוז צ'וקטה700</ItemName>
      <ManufacturerName>נאטרא מאלה</ManufacturerName>
      <ManufactureCountry>BE</ManufactureCountry>
      <ManufacturerItemDescription>ממרח אגוזי לוז</ManufacturerItemDescription>
      <UnitQty>גרמים</UnitQty>
      <Quantity>700.00</Quantity>
      <bIsWeighted>0</bIsWeighted>
      <UnitOfMeasure>100 גרם</UnitOfMeasure>
      <QtyInPackage>1</QtyInPackage>
      <ItemPrice>26.90</ItemPrice>
      <UnitOfMeasurePrice>3.84</UnitOfMeasurePrice>
      <AllowDiscount>1</AllowDiscount>
      <ItemStatus>1</ItemStatus>
    </Item>
    <Item>
      <PriceUpdateDate>2024-12-25 06:20</PriceUpdateDate>
      <ItemCode>5900020015174</ItemCode>
      <ItemType>1</ItemType>
      <ItemName>פיטנס חטיף דגנים שוק6.יח</ItemName>
      <ManufacturerName>סי. פי. פולין</ManufacturerName>
      <ManufactureCountry>PL</ManufactureCountry>
      <ManufacturerItemDescription>פיטנס חטיף דגנים שוק.6יח</ManufacturerItemDescription>
      <UnitQty>גרמים</UnitQty>
      <Quantity>141.00</Quantity>
      <bIsWeighted>0</bIsWeighted>
      <UnitOfMeasure>100 גרם</UnitOfMeasure>
      <QtyInPackage>0</QtyInPackage>
      <ItemPrice>17.90</ItemPrice>
      <UnitOfMeasurePrice>12.70</UnitOfMeasurePrice>
      <AllowDiscount>1</AllowDiscount>
      <ItemStatus>0</ItemStatus>
    </Item>
    <Item>
      <PriceUpdateDate>2024-12-25 06:40</PriceUpdateDate>
      <ItemCode>5900020034021</ItemCode>
      <ItemType>1</ItemType>
      <ItemName>חטיפי דגנים שוק.בננה 6יח</ItemName>
      <ManufacturerName>סי. פי. פולין</ManufacturerName>
      <ManufactureCountry>PL</ManufactureCountry>
      <ManufacturerItemDescription>חטיפי פיטנס 6 יח</ManufacturerItemDescription>
      <UnitQty>גרמים</UnitQty>
      <Quantity>141.00</Quantity>
      <bIsWeighted>0</bIsWeighted>
      <UnitOfMeasure>100 גרם</UnitOfMeasure>
      <QtyInPackage>1</QtyInPackage>
      <ItemPrice>17.90</ItemPrice>
      <UnitOfMeasurePrice>12.70</UnitOfMeasurePrice>
      <AllowDiscount>1</AllowDiscount>
      <ItemStatus>1</ItemStatus>
    </Item>
    <Item>
      <PriceUpdateDate>2024-12-25 06:40</PriceUpdateDate>
      <ItemCode>5900020036407</ItemCode>
      <ItemType>1</ItemType>
      <ItemName>ליון דגני שוקולד+קרמל480</ItemName>
      <ManufacturerName>סי. פי. פולין</ManufacturerName>
      <ManufactureCountry>PL</ManufactureCountry>
      <ManufacturerItemDescription>ליון דגני שוקולד+קרמל480</ManufacturerItemDescription>
      <UnitQty>גרמים</UnitQty>
      <Quantity>480.00</Quantity>
      <bIsWeighted>0</bIsWeighted>
      <UnitOfMeasure>100 גרם</UnitOfMeasure>
      <QtyInPackage>1</QtyInPackage>
      <ItemPrice>25.90</ItemPrice>
      <UnitOfMeasurePrice>5.40</UnitOfMeasurePrice>
      <AllowDiscount>1</AllowDiscount>
      <ItemStatus>1</ItemStatus>
    </Item>
    <Item>
      <PriceUpdateDate>2024-12-25 07:00</PriceUpdateDate>
      <ItemCode>5901576058608</ItemCode>
      <ItemType>1</ItemType>
      <ItemName>פילה פורל מעושן פרוס100ג</ItemName>
      <ManufacturerName>קונטימאקס ס.א</ManufacturerName>
      <ManufactureCountry>PL</ManufactureCountry>
      <ManufacturerItemDescription>פילה פורל מעושן פרוס100ג</ManufacturerItemDescription>
      <UnitQty>גרמים</UnitQty>
      <Quantity>100.00</Quantity>
      <bIsWeighted>0</bIsWeighted>
      <UnitOfMeasure>100 גרם</UnitOfMeasure>
      <QtyInPackage>1</QtyInPackage>
      <ItemPrice>26.90</ItemPrice>
      <UnitOfMeasurePrice>26.90</UnitOfMeasurePrice>
      <AllowDiscount>1</AllowDiscount>
      <ItemStatus>1</ItemStatus>
    </Item>
    <Item>
      <PriceUpdateDate>2024-12-25 12:17</PriceUpdateDate>
      <ItemCode>5901887001737</ItemCode>
      <ItemType>1</ItemType>
      <ItemName>קרם פנים ליום 50 מ"ל</ItemName>
      <ManufacturerName>PRODUKC ZAKLAD LTD ZIAJA</ManufacturerName>
      <ManufactureCountry>PL</ManufactureCountry>
      <ManufacturerItemDescription>קרם פנים ליום</ManufacturerItemDescription>
      <UnitQty>מיליליטרים</UnitQty>
      <Quantity>50.00</Quantity>
      <bIsWeighted>0</bIsWeighted>
      <UnitOfMeasure>100 מ"ל</UnitOfMeasure>
      <QtyInPackage>1</QtyInPackage>
      <ItemPrice>23.90</ItemPrice>
      <UnitOfMeasurePrice>47.80</UnitOfMeasurePrice>
      <AllowDiscount>1</AllowDiscount>
      <ItemStatus>1</ItemStatus>
    </Item>
    <Item>
      <PriceUpdateDate>2024-12-25 12:17</PriceUpdateDate>
      <ItemCode>5901887001751</ItemCode>
      <ItemType>1</ItemType>
      <ItemName>טונר ניקוי לפנים 200 מ"ל</ItemName>
      <ManufacturerName>PRODUKC ZAKLAD LTD ZIAJA</ManufacturerName>
      <ManufactureCountry>PL</ManufactureCountry>
      <ManufacturerItemDescription>טונר ניקוי לפנים</ManufacturerItemDescription>
      <UnitQty>מיליליטרים</UnitQty>
      <Quantity>200.00</Quantity>
      <bIsWeighted>0</bIsWeighted>
      <UnitOfMeasure>100 מ"ל</UnitOfMeasure>
      <QtyInPackage>1</QtyInPackage>
      <ItemPrice>18.50</ItemPrice>
      <UnitOfMeasurePrice>9.25</UnitOfMeasurePrice>
      <AllowDiscount>1</AllowDiscount>
      <ItemStatus>1</ItemStatus>
    </Item>
    <Item>
      <PriceUpdateDate>2024-12-25 12:17</PriceUpdateDate>
      <ItemCode>5901887010326</ItemCode>
      <ItemType>1</ItemType>
      <ItemName>קרם פנים לילה 50 מ"ל</ItemName>
      <ManufacturerName>PRODUKC ZAKLAD LTD ZIAJA</ManufacturerName>
      <ManufactureCountry>PL</ManufactureCountry>
      <ManufacturerItemDescription>קרם פנים לילה</ManufacturerItemDescription>
      <UnitQty>מיליליטרים</UnitQty>
      <Quantity>50.00</Quantity>
      <bIsWeighted>0</bIsWeighted>
      <UnitOfMeasure>100 מ"ל</UnitOfMeasure>
      <QtyInPackage>1</QtyInPackage>
      <ItemPrice>23.90</ItemPrice>
      <UnitOfMeasurePrice>47.80</UnitOfMeasurePrice>
      <AllowDiscount>1</AllowDiscount>
      <ItemStatus>1</ItemStatus>
    </Item>
    <Item>
      <PriceUpdateDate>2024-12-25 12:17</PriceUpdateDate>
      <ItemCode>5901887010593</ItemCode>
      <ItemType>1</ItemType>
      <ItemName>קרם ידיים וציפורניים80מל</ItemName>
      <ManufacturerName>PRODUKC ZAKLAD LTD ZIAJA</ManufacturerName>
      <ManufactureCountry>PL</ManufactureCountry>
      <ManufacturerItemDescription>קרם ידיים וציפור</ManufacturerItemDescription>
      <UnitQty>מיליליטרים</UnitQty>
      <Quantity>80.00</Quantity>
      <bIsWeighted>0</bIsWeighted>
      <UnitOfMeasure>100 מ"ל</UnitOfMeasure>
      <QtyInPackage>1</QtyInPackage>
      <ItemPrice>12.20</ItemPrice>
      <UnitOfMeasurePrice>15.25</UnitOfMeasurePrice>
      <AllowDiscount>1</AllowDiscount>
      <ItemStatus>1</ItemStatus>
    </Item>
    <Item>
      <PriceUpdateDate>2024-12-25 12:17</PriceUpdateDate>
      <ItemCode>5901887018223</ItemCode>
      <ItemType>1</ItemType>
      <ItemName>קרם גוף חלב עיזים 400 מל</ItemName>
      <ManufacturerName>PRODUKC ZAKLAD LTD ZIAJA</ManufacturerName>
      <ManufactureCountry>PL</ManufactureCountry>
      <ManufacturerItemDescription>קרם גוף חלב עיזי</ManufacturerItemDescription>
      <UnitQty>מיליליטרים</UnitQty>
      <Quantity>400.00</Quantity>
      <bIsWeighted>0</bIsWeighted>
      <UnitOfMeasure>100 מ"ל</UnitOfMeasure>
      <QtyInPackage>1</QtyInPackage>
      <ItemPrice>22.50</ItemPrice>
      <UnitOfMeasurePrice>5.63</UnitOfMeasurePrice>
      <AllowDiscount>1</AllowDiscount>
      <ItemStatus>1</ItemStatus>
    </Item>
    <Item>
      <PriceUpdateDate>2024-12-25 12:17</PriceUpdateDate>
      <ItemCode>5901887026778</ItemCode>
      <ItemType>1</ItemType>
      <ItemName>קרם יום גיל+50יסמין30מל</ItemName>
      <ManufacturerName>PRODUKC ZAKLAD LTD ZIAJA</ManufacturerName>
      <ManufactureCountry>PL</ManufactureCountry>
      <ManufacturerItemDescription>יסמין קרם יום</ManufacturerItemDescription>
      <UnitQty>מיליליטרים</UnitQty>
      <Quantity>30.00</Quantity>
      <bIsWeighted>0</bIsWeighted>
      <UnitOfMeasure>100 מ"ל</UnitOfMeasure>
      <QtyInPackage>1</QtyInPackage>
      <ItemPrice>28.90</ItemPrice>
      <UnitOfMeasurePrice>96.33</UnitOfMeasurePrice>
      <AllowDiscount>1</AllowDiscount>
      <ItemStatus>1</ItemStatus>
    </Item>
    <Item>
      <PriceUpdateDate>2024-12-25 12:17</PriceUpdateDate>
      <ItemCode>5901887026785</ItemCode>
      <ItemType>1</ItemType>
      <ItemName>יסמין ק.לילה גיל+50 50מל</ItemName>
      <ManufacturerName>PRODUKC ZAKLAD LTD ZIAJA</ManufacturerName>
      <ManufactureCountry>PL</ManufactureCountry>
      <ManufacturerItemDescription>יסמין ק.לילה</ManufacturerItemDescription>
      <UnitQty>מיליליטרים</UnitQty>
      <Quantity>50.00</Quantity>
      <bIsWeighted>0</bIsWeighted>
      <UnitOfMeasure>100 מ"ל</UnitOfMeasure>
      <QtyInPackage>1</QtyInPackage>
      <ItemPrice>28.90</ItemPrice>
      <UnitOfMeasurePrice>57.80</UnitOfMeasurePrice>
      <AllowDiscount>1</AllowDiscount>
      <ItemStatus>1</ItemStatus>
    </Item>
    <Item>
      <PriceUpdateDate>2024-12-25 12:17</PriceUpdateDate>
      <ItemCode>5901887026815</ItemCode>
      <ItemType>1</ItemType>
      <ItemName>יסמין מים מיסלרי+50 200מ</ItemName>
      <ManufacturerName>PRODUKC ZAKLAD LTD ZIAJA</ManufacturerName>
      <ManufactureCountry>PL</ManufactureCountry>
      <ManufacturerItemDescription>יסמין מים מיסלרי</ManufacturerItemDescription>
      <UnitQty>מיליליטרים</UnitQty>
      <Quantity>200.00</Quantity>
      <bIsWeighted>0</bIsWeighted>
      <UnitOfMeasure>100 מ"ל</UnitOfMeasure>
      <QtyInPackage>1</QtyInPackage>
      <ItemPrice>19.50</ItemPrice>
      <UnitOfMeasurePrice>9.75</UnitOfMeasurePrice>
      <AllowDiscount>1</AllowDiscount>
      <ItemStatus>1</ItemStatus>
    </Item>
    <Item>
      <PriceUpdateDate>2024-12-25 12:17</PriceUpdateDate>
      <ItemCode>5901887043782</ItemCode>
      <ItemType>1</ItemType>
      <ItemName>מיקרו פילינג לפנים 75 מל</ItemName>
      <ManufacturerName>PRODUKC ZAKLAD LTD ZIAJA</ManufacturerName>
      <ManufactureCountry>PL</ManufactureCountry>
      <ManufacturerItemDescription>מיקרו פילינג לפנ</ManufacturerItemDescription>
      <UnitQty>מיליליטרים</UnitQty>
      <Quantity>75.00</Quantity>
      <bIsWeighted>0</bIsWeighted>
      <UnitOfMeasure>100 מ"ל</UnitOfMeasure>
      <QtyInPackage>1</QtyInPackage>
      <ItemPrice>15.20</ItemPrice>
      <UnitOfMeasurePrice>20.27</UnitOfMeasurePrice>
      <AllowDiscount>1</AllowDiscount>
      <ItemStatus>1</ItemStatus>
    </Item>
    <Item>
      <PriceUpdateDate>2024-12-25 12:17</PriceUpdateDate>
      <ItemCode>5906513003437</ItemCode>
      <ItemType>1</ItemType>
      <ItemName>מארז מקופלת</ItemName>
      <ManufacturerName>ניקנור</ManufacturerName>
      <ManufactureCountry>CN</ManufactureCountry>
      <ManufacturerItemDescription>מארז מקופלת</ManufacturerItemDescription>
      <UnitQty>יחידה</UnitQty>
      <Quantity>1.00</Quantity>
      <bIsWeighted>0</bIsWeighted>
      <UnitOfMeasure>יחידה</UnitOfMeasure>
      <QtyInPackage>0</QtyInPackage>
      <ItemPrice>30.90</ItemPrice>
      <UnitOfMeasurePrice>30.90</UnitOfMeasurePrice>
      <AllowDiscount>1</AllowDiscount>
      <ItemStatus>1</ItemStatus>
    </Item>
    <Item>
      <PriceUpdateDate>2024-12-25 06:50</PriceUpdateDate>
      <ItemCode>59083856</ItemCode>
      <ItemType>1</ItemType>
      <ItemName>דאו אינוויזיבל דריי 50 מ</ItemName>
      <ManufacturerName>יוניליוור  אנגליה</ManufacturerName>
      <ManufactureCountry>GB</ManufactureCountry>
      <ManufacturerItemDescription>דאו אינוויזיבל ד</ManufacturerItemDescription>
      <UnitQty>מיליליטרים</UnitQty>
      <Quantity>50.00</Quantity>
      <bIsWeighted>0</bIsWeighted>
      <UnitOfMeasure>100 מ"ל</UnitOfMeasure>
      <QtyInPackage>1</QtyInPackage>
      <ItemPrice>22.90</ItemPrice>
      <UnitOfMeasurePrice>45.80</UnitOfMeasurePrice>
      <AllowDiscount>1</AllowDiscount>
      <ItemStatus>1</ItemStatus>
    </Item>
    <Item>
      <PriceUpdateDate>2024-12-25 07:00</PriceUpdateDate>
      <ItemCode>59095286</ItemCode>
      <ItemType>1</ItemType>
      <ItemName>דאו' רול און פספלורה50מל</ItemName>
      <ManufacturerName>יוניליוור  אנגליה</ManufacturerName>
      <ManufactureCountry>GB</ManufactureCountry>
      <ManufacturerItemDescription>דאודורנט רולאון</ManufacturerItemDescription>
      <UnitQty>מיליליטרים</UnitQty>
      <Quantity>50.00</Quantity>
      <bIsWeighted>0</bIsWeighted>
      <UnitOfMeasure>100 מ"ל</UnitOfMeasure>
      <QtyInPackage>1</QtyInPackage>
      <ItemPrice>22.90</ItemPrice>
      <UnitOfMeasurePrice>45.80</UnitOfMeasurePrice>
      <AllowDiscount>1</AllowDiscount>
      <ItemStatus>1</ItemStatus>
    </Item>
    <Item>
      <PriceUpdateDate>2024-12-25 06:50</PriceUpdateDate>
      <ItemCode>59096900</ItemCode>
      <ItemType>1</ItemType>
      <ItemName>דאו. רול און מלפפונים50מ</ItemName>
      <ManufacturerName>יוניליוור  אנגליה</ManufacturerName>
      <ManufactureCountry>GB</ManufactureCountry>
      <ManufacturerItemDescription>דאודורנט רולאון</ManufacturerItemDescription>
      <UnitQty>מיליליטרים</UnitQty>
      <Quantity>50.00</Quantity>
      <bIsWeighted>0</bIsWeighted>
      <UnitOfMeasure>100 מ"ל</UnitOfMeasure>
      <QtyInPackage>1</QtyInPackage>
      <ItemPrice>22.90</ItemPrice>
      <UnitOfMeasurePrice>45.80</UnitOfMeasurePrice>
      <AllowDiscount>1</AllowDiscount>
      <ItemStatus>1</ItemStatus>
    </Item>
    <Item>
      <PriceUpdateDate>2024-12-25 12:17</PriceUpdateDate>
      <ItemCode>6085010044712</ItemCode>
      <ItemType>1</ItemType>
      <ItemName>קלאב דה נואי אדט גבר105מ</ItemName>
      <ManufacturerName>פרפיום קוסמטיקס</ManufacturerName>
      <ManufactureCountry>FR</ManufactureCountry>
      <ManufacturerItemDescription>NUIT DE CLUB</ManufacturerItemDescription>
      <UnitQty>מיליליטרים</UnitQty>
      <Quantity>105.00</Quantity>
      <bIsWeighted>0</bIsWeighted>
      <UnitOfMeasure>100 מ"ל</UnitOfMeasure>
      <QtyInPackage>1</QtyInPackage>
      <ItemPrice>159.00</ItemPrice>
      <UnitOfMeasurePrice>151.43</UnitOfMeasurePrice>
      <AllowDiscount>1</AllowDiscount>
      <ItemStatus>1</ItemStatus>
    </Item>
    <Item>
      <PriceUpdateDate>2024-12-25 12:17</PriceUpdateDate>
      <ItemCode>608940543313</ItemCode>
      <ItemType>1</ItemType>
      <ItemName>Fleur Reb'l אדפ לאשה100מ</ItemName>
      <ManufacturerName>אלפא בישום</ManufacturerName>
      <ManufactureCountry>US</ManufactureCountry>
      <ManufacturerItemDescription>Fleur Reb'l לאשה</ManufacturerItemDescription>
      <UnitQty>מיליליטרים</UnitQty>
      <Quantity>100.00</Quantity>
      <bIsWeighted>0</bIsWeighted>
      <UnitOfMeasure>100 מ"ל</UnitOfMeasure>
      <QtyInPackage>0</QtyInPackage>
      <ItemPrice>159.00</ItemPrice>
      <UnitOfMeasurePrice>159.00</UnitOfMeasurePrice>
      <AllowDiscount>1</AllowDiscount>
      <ItemStatus>1</ItemStatus>
    </Item>
    <Item>
      <PriceUpdateDate>2024-12-25 12:17</PriceUpdateDate>
      <ItemCode>6291100130122</ItemCode>
      <ItemType>1</ItemType>
      <ItemName>אמבר אוד גולד אדפ100מל</ItemName>
      <ManufacturerName>כללי</ManufacturerName>
      <ManufactureCountry>AE</ManufactureCountry>
      <ManufacturerItemDescription>אמבר אוד גולד אד</ManufacturerItemDescription>
      <UnitQty>מיליליטרים</UnitQty>
      <Quantity>100.00</Quantity>
      <bIsWeighted>0</bIsWeighted>
      <UnitOfMeasure>100 מ"ל</UnitOfMeasure>
      <QtyInPackage>1</QtyInPackage>
      <ItemPrice>219.00</ItemPrice>
      <UnitOfMeasurePrice>219.00</UnitOfMeasurePrice>
      <AllowDiscount>1</AllowDiscount>
      <ItemStatus>1</ItemStatus>
    </Item>
    <Item>
      <PriceUpdateDate>2024-12-25 12:17</PriceUpdateDate>
      <ItemCode>6291100131587</ItemCode>
      <ItemType>1</ItemType>
      <ItemName>אמבר אוד גולד אדישן אדפ</ItemName>
      <ManufacturerName>כללי</ManufacturerName>
      <ManufactureCountry>AE</ManufactureCountry>
      <ManufacturerItemDescription>אמבר אוד גולד אד</ManufacturerItemDescription>
      <UnitQty>מיליליטרים</UnitQty>
      <Quantity>200.00</Quantity>
      <bIsWeighted>0</bIsWeighted>
      <UnitOfMeasure>100 מ"ל</UnitOfMeasure>
      <QtyInPackage>1</QtyInPackage>
      <ItemPrice>299.00</ItemPrice>
      <UnitOfMeasurePrice>149.50</UnitOfMeasurePrice>
      <AllowDiscount>1</AllowDiscount>
      <ItemStatus>1</ItemStatus>
    </Item>
    <Item>
      <PriceUpdateDate>2024-12-25 12:17</PriceUpdateDate>
      <ItemCode>6291104445123</ItemCode>
      <ItemType>1</ItemType>
      <ItemName>מארז פרחוני בניחוח אביב</ItemName>
      <ManufacturerName>ניקנור</ManufacturerName>
      <ManufactureCountry>CN</ManufactureCountry>
      <ManufacturerItemDescription>מארז פרחוני</ManufacturerItemDescription>
      <UnitQty>יחידה</UnitQty>
      <Quantity>1.00</Quantity>
      <bIsWeighted>0</bIsWeighted>
      <UnitOfMeasure>יחידה</UnitOfMeasure>
      <QtyInPackage>1</QtyInPackage>
      <ItemPrice>40.90</ItemPrice>
      <UnitOfMeasurePrice>40.90</UnitOfMeasurePrice>
      <AllowDiscount>1</AllowDiscount>
      <ItemStatus>1</ItemStatus>
    </Item>
    <Item>
      <PriceUpdateDate>2024-12-25 12:17</PriceUpdateDate>
      <ItemCode>6291104445161</ItemCode>
      <ItemType>1</ItemType>
      <ItemName>מארז פלמינגו 3 פריטים</ItemName>
      <ManufacturerName>ניקנור</ManufacturerName>
      <ManufactureCountry>CN</ManufactureCountry>
      <ManufacturerItemDescription>מארז פלמינגו</ManufacturerItemDescription>
      <UnitQty>יחידה</UnitQty>
      <Quantity>1.00</Quantity>
      <bIsWeighted>0</bIsWeighted>
      <UnitOfMeasure>יחידה</UnitOfMeasure>
      <QtyInPackage>1</QtyInPackage>
      <ItemPrice>33.90</ItemPrice>
      <UnitOfMeasurePrice>33.90</UnitOfMeasurePrice>
      <AllowDiscount>1</AllowDiscount>
      <ItemStatus>1</ItemStatus>
    </Item>
    <Item>
      <PriceUpdateDate>2024-12-25 14:43</PriceUpdateDate>
      <ItemCode>693493231756</ItemCode>
      <ItemType>1</ItemType>
      <ItemName>חסה סלנובה הידרופונית160</ItemName>
      <ManufacturerName>דהן סולנום בע"מ</ManufacturerName>
      <ManufactureCountry>IL</ManufactureCountry>
      <ManufacturerItemDescription>חסה סלנובה הידרו</ManufacturerItemDescription>
      <UnitQty>גרמים</UnitQty>
      <Quantity>160.00</Quantity>
      <bIsWeighted>0</bIsWeighted>
      <UnitOfMeasure>100 גרם</UnitOfMeasure>
      <QtyInPackage>1</QtyInPackage>
      <ItemPrice>14.90</ItemPrice>
      <UnitOfMeasurePrice>9.31</UnitOfMeasurePrice>
      <AllowDiscount>1</AllowDiscount>
      <ItemStatus>1</ItemStatus>
    </Item>
    <Item>
      <PriceUpdateDate>2024-12-25 06:30</PriceUpdateDate>
      <ItemCode>7290000023083</ItemCode>
      <ItemType>1</ItemType>
      <ItemName>ערק אשקלון 700 מ"ל</ItemName>
      <ManufacturerName>יקבי ברקן בע"\מ</ManufacturerName>
      <ManufactureCountry>IL</ManufactureCountry>
      <ManufacturerItemDescription>ערק אשקלון</ManufacturerItemDescription>
      <UnitQty>מיליליטרים</UnitQty>
      <Quantity>700.00</Quantity>
      <bIsWeighted>0</bIsWeighted>
      <UnitOfMeasure>100 מ"ל</UnitOfMeasure>
      <QtyInPackage>0</QtyInPackage>
      <ItemPrice>63.90</ItemPrice>
      <UnitOfMeasurePrice>9.13</UnitOfMeasurePrice>
      <AllowDiscount>1</AllowDiscount>
      <ItemStatus>0</ItemStatus>
    </Item>
    <Item>
      <PriceUpdateDate>2024-12-25 06:10</PriceUpdateDate>
      <ItemCode>7290000041445</ItemCode>
      <ItemType>1</ItemType>
      <ItemName>גבינת קוטג5'%מהדרין250גר</ItemName>
      <ManufacturerName>מחלבת אלון תבור</ManufacturerName>
      <ManufactureCountry>IL</ManufactureCountry>
      <ManufacturerItemDescription>קוטג' תנובה 5%</ManufacturerItemDescription>
      <UnitQty>גרמים</UnitQty>
      <Quantity>250.00</Quantity>
      <bIsWeighted>0</bIsWeighted>
      <UnitOfMeasure>100 גרם</UnitOfMeasure>
      <QtyInPackage>0</QtyInPackage>
      <ItemPrice>6.20</ItemPrice>
      <UnitOfMeasurePrice>2.48</UnitOfMeasurePrice>
      <AllowDiscount>1</AllowDiscount>
      <ItemStatus>1</ItemStatus>
    </Item>
    <Item>
      <PriceUpdateDate>2024-12-25 06:10</PriceUpdateDate>
      <ItemCode>7290000060408</ItemCode>
      <ItemType>1</ItemType>
      <ItemName>פתיתים טבעות 500 גרם</ItemName>
      <ManufacturerName>אסם השקעות בע"\מ</ManufacturerName>
      <ManufactureCountry>IL</ManufactureCountry>
      <ManufacturerItemDescription>פתיתים טבעות 500 גרם</ManufacturerItemDescription>
      <UnitQty>גרמים</UnitQty>
      <Quantity>500.00</Quantity>
      <bIsWeighted>0</bIsWeighted>
      <UnitOfMeasure>100 גרם</UnitOfMeasure>
      <QtyInPackage>0</QtyInPackage>
      <ItemPrice>8.90</ItemPrice>
      <UnitOfMeasurePrice>1.78</UnitOfMeasurePrice>
      <AllowDiscount>1</AllowDiscount>
      <ItemStatus>1</ItemStatus>
    </Item>
    <Item>
      <PriceUpdateDate>2024-12-25 06:10</PriceUpdateDate>
      <ItemCode>7290000061245</ItemCode>
      <ItemType>1</ItemType>
      <ItemName>עוג.שוקוצ'יפס ממולאות220</ItemName>
      <ManufacturerName>אסם השקעות בע"\מ</ManufacturerName>
      <ManufactureCountry>IL</ManufactureCountry>
      <ManufacturerItemDescription>עוג.שוקוציפס ממולאות220</ManufacturerItemDescription>
      <UnitQty>גרמים</UnitQty>
      <Quantity>220.00</Quantity>
      <bIsWeighted>0</bIsWeighted>
      <UnitOfMeasure>100 גרם</UnitOfMeasure>
      <QtyInPackage>0</QtyInPackage>
      <ItemPrice>11.90</ItemPrice>
      <UnitOfMeasurePrice>5.41</UnitOfMeasurePrice>
      <AllowDiscount>1</AllowDiscount>
      <ItemStatus>0</ItemStatus>
    </Item>
    <Item>
      <PriceUpdateDate>2024-12-25 06:20</PriceUpdateDate>
      <ItemCode>7290000103815</ItemCode>
      <ItemType>1</ItemType>
      <ItemName>לקט להקפצה תאילנדי 800גר</ItemName>
      <ManufacturerName>סנפרוסט בע"\מ</ManufacturerName>
      <ManufactureCountry>IL</ManufactureCountry>
      <ManufacturerItemDescription>לקט תאילנדי</ManufacturerItemDescription>
      <UnitQty>גרמים</UnitQty>
      <Quantity>800.00</Quantity>
      <bIsWeighted>0</bIsWeighted>
      <UnitOfMeasure>100 גרם</UnitOfMeasure>
      <QtyInPackage>0</QtyInPackage>
      <ItemPrice>26.90</ItemPrice>
      <UnitOfMeasurePrice>3.36</UnitOfMeasurePrice>
      <AllowDiscount>1</AllowDiscount>
      <ItemStatus>0</ItemStatus>
    </Item>
    <Item>
      <PriceUpdateDate>2024-12-25 06:10</PriceUpdateDate>
      <ItemCode>7290000104768</ItemCode>
      <ItemType>1</ItemType>
      <ItemName>תרד עלים מוקפא 800 גרם</ItemName>
      <ManufacturerName>סנפרוסט בע"\מ</ManufacturerName>
      <ManufactureCountry>IL</ManufactureCountry>
      <ManufacturerItemDescription>תרד עלים מוקפא 800 גרם</ManufacturerItemDescription>
      <UnitQty>גרמים</UnitQty>
      <Quantity>800.00</Quantity>
      <bIsWeighted>0</bIsWeighted>
      <UnitOfMeasure>100 גרם</UnitOfMeasure>
      <QtyInPackage>0</QtyInPackage>
      <ItemPrice>27.90</ItemPrice>
      <UnitOfMeasurePrice>3.49</UnitOfMeasurePrice>
      <AllowDiscount>1</AllowDiscount>
      <ItemStatus>0</ItemStatus>
    </Item>
    <Item>
      <PriceUpdateDate>2024-12-25 06:10</PriceUpdateDate>
      <ItemCode>7290000134840</ItemCode>
      <ItemType>1</ItemType>
      <ItemName>כורכום טחון 100 גרם</ItemName>
      <ManufacturerName>תבליני טעם וריח</ManufacturerName>
      <ManufactureCountry>IL</ManufactureCountry>
      <ManufacturerItemDescription>כורכום טחון</ManufacturerItemDescription>
      <UnitQty>גרמים</UnitQty>
      <Quantity>100.00</Quantity>
      <bIsWeighted>0</bIsWeighted>
      <UnitOfMeasure>100 גרם</UnitOfMeasure>
      <QtyInPackage>0</QtyInPackage>
      <ItemPrice>12.90</ItemPrice>
      <UnitOfMeasurePrice>12.90</UnitOfMeasurePrice>
      <AllowDiscount>1</AllowDiscount>
      <ItemStatus>1</ItemStatus>
    </Item>
    <Item>
      <PriceUpdateDate>2024-12-25 06:10</PriceUpdateDate>
      <ItemCode>7290000136455</ItemCode>
      <ItemType>1</ItemType>
      <ItemName>ג'אמפ אשכוליות 1.5 ליטר</ItemName>
      <ManufacturerName>טמפו משקאות בע"\ם.</ManufacturerName>
      <ManufactureCountry>IL</ManufactureCountry>
      <ManufacturerItemDescription>גאמפ אשכוליות 1.5 ליטר</ManufacturerItemDescription>
      <UnitQty>ליטרים</UnitQty>
      <Quantity>1.50</Quantity>
      <bIsWeighted>0</bIsWeighted>
      <UnitOfMeasure>ליטר</UnitOfMeasure>
      <QtyInPackage>0</QtyInPackage>
      <ItemPrice>7.90</ItemPrice>
      <UnitOfMeasurePrice>5.27</UnitOfMeasurePrice>
      <AllowDiscount>1</AllowDiscount>
      <ItemStatus>0</ItemStatus>
    </Item>
    <Item>
      <PriceUpdateDate>2024-12-25 06:10</PriceUpdateDate>
      <ItemCode>7290000181103</ItemCode>
      <ItemType>1</ItemType>
      <ItemName>עד חצות ביסקוויט 200ג'</ItemName>
      <ManufacturerName>שטראוס גרופ בע"\מ</ManufacturerName>
      <ManufactureCountry>IL</ManufactureCountry>
      <ManufacturerItemDescription>עד חצות ביסקוויט 200ג</ManufacturerItemDescription>
      <UnitQty>גרמים</UnitQty>
      <Quantity>200.00</Quantity>
      <bIsWeighted>0</bIsWeighted>
      <UnitOfMeasure>100 גרם</UnitOfMeasure>
      <QtyInPackage>0</QtyInPackage>
      <ItemPrice>16.90</ItemPrice>
      <UnitOfMeasurePrice>8.45</UnitOfMeasurePrice>
      <AllowDiscount>1</AllowDiscount>
      <ItemStatus>0</ItemStatus>
    </Item>
    <Item>
      <PriceUpdateDate>2024-12-25 06:10</PriceUpdateDate>
      <ItemCode>7290000193205</ItemCode>
      <ItemType>1</ItemType>
      <ItemName>20 תחבושות לילי ללילה</ItemName>
      <ManufacturerName>חוגלה קימברלי</ManufacturerName>
      <ManufactureCountry>BE</ManufactureCountry>
      <ManufacturerItemDescription>תחבושות לילי</ManufacturerItemDescription>
      <UnitQty>יחידה</UnitQty>
      <Quantity>1.00</Quantity>
      <bIsWeighted>0</bIsWeighted>
      <UnitOfMeasure>יחידה</UnitOfMeasure>
      <QtyInPackage>0</QtyInPackage>
      <ItemPrice>18.90</ItemPrice>
      <UnitOfMeasurePrice>18.90</UnitOfMeasurePrice>
      <AllowDiscount>1</AllowDiscount>
      <ItemStatus>1</ItemStatus>
    </Item>
    <Item>
      <PriceUpdateDate>2024-12-25 06:10</PriceUpdateDate>
      <ItemCode>7290000209517</ItemCode>
      <ItemType>1</ItemType>
      <ItemName>סירופ דיאט לימון 1 ליטר</ItemName>
      <ManufacturerName>זנלכל בע"\מ</ManufacturerName>
      <ManufactureCountry>IL</ManufactureCountry>
      <ManufacturerItemDescription>סירופ דיאט לימון 1 ליטר</ManufacturerItemDescription>
      <UnitQty>ליטרים</UnitQty>
      <Quantity>1.00</Quantity>
      <bIsWeighted>0</bIsWeighted>
      <UnitOfMeasure>ליטר</UnitOfMeasure>
      <QtyInPackage>0</QtyInPackage>
      <ItemPrice>12.60</ItemPrice>
      <UnitOfMeasurePrice>12.60</UnitOfMeasurePrice>
      <AllowDiscount>1</AllowDiscount>
      <ItemStatus>1</ItemStatus>
    </Item>
    <Item>
      <PriceUpdateDate>2024-12-25 06:10</PriceUpdateDate>
      <ItemCode>7290000209722</ItemCode>
      <ItemType>1</ItemType>
      <ItemName>רוטב עגבניות פריכוז580ג</ItemName>
      <ManufacturerName>זנלכל בע"\מ</ManufacturerName>
      <ManufactureCountry>IL</ManufactureCountry>
      <ManufacturerItemDescription>רוטב עגבניות</ManufacturerItemDescription>
      <UnitQty>גרמים</UnitQty>
      <Quantity>580.00</Quantity>
      <bIsWeighted>0</bIsWeighted>
      <UnitOfMeasure>100 גרם</UnitOfMeasure>
      <QtyInPackage>0</QtyInPackage>
      <ItemPrice>12.90</ItemPrice>
      <UnitOfMeasurePrice>2.22</UnitOfMeasurePrice>
      <AllowDiscount>1</AllowDiscount>
      <ItemStatus>1</ItemStatus>
    </Item>
    <Item>
      <PriceUpdateDate>2024-12-25 06:10</PriceUpdateDate>
      <ItemCode>7290000287195</ItemCode>
      <ItemType>1</ItemType>
      <ItemName>סנורהיט מבריק רהיטים305ג</ItemName>
      <ManufacturerName>סנו מפעלי ברונוס בעמ</ManufacturerName>
      <ManufactureCountry>IL</ManufactureCountry>
      <ManufacturerItemDescription>סנו רהיט מרסס</ManufacturerItemDescription>
      <UnitQty>מיליליטרים</UnitQty>
      <Quantity>305.00</Quantity>
      <bIsWeighted>0</bIsWeighted>
      <UnitOfMeasure>100 מ"ל</UnitOfMeasure>
      <QtyInPackage>0</QtyInPackage>
      <ItemPrice>17.50</ItemPrice>
      <UnitOfMeasurePrice>5.74</UnitOfMeasurePrice>
      <AllowDiscount>1</AllowDiscount>
      <ItemStatus>1</ItemStatus>
    </Item>
    <Item>
      <PriceUpdateDate>2024-12-25 06:10</PriceUpdateDate>
      <ItemCode>7290000292939</ItemCode>
      <ItemType>1</ItemType>
      <ItemName>אקווה בלו למיכל אסלה100ג</ItemName>
      <ManufacturerName>סנו מפעלי ברונוס בעמ</ManufacturerName>
      <ManufactureCountry>IL</ManufactureCountry>
      <ManufacturerItemDescription>אקווה בלו לאסלה</ManufacturerItemDescription>
      <UnitQty>גרמים</UnitQty>
      <Quantity>100.00</Quantity>
      <bIsWeighted>0</bIsWeighted>
      <UnitOfMeasure>100 גרם</UnitOfMeasure>
      <QtyInPackage>0</QtyInPackage>
      <ItemPrice>15.40</ItemPrice>
      <UnitOfMeasurePrice>15.40</UnitOfMeasurePrice>
      <AllowDiscount>1</AllowDiscount>
      <ItemStatus>1</ItemStatus>
    </Item>
    <Item>
      <PriceUpdateDate>2024-12-25 06:10</PriceUpdateDate>
      <ItemCode>7290000319070</ItemCode>
      <ItemType>1</ItemType>
      <ItemName>סלמי צ'וריסו 125 גרם</ItemName>
      <ManufacturerName>יחיעם</ManufacturerName>
      <ManufactureCountry>IL</ManufactureCountry>
      <ManufacturerItemDescription>סלמי צ'וריסו</ManufacturerItemDescription>
      <UnitQty>גרמים</UnitQty>
      <Quantity>125.00</Quantity>
      <bIsWeighted>0</bIsWeighted>
      <UnitOfMeasure>100 גרם</UnitOfMeasure>
      <QtyInPackage>1</QtyInPackage>
      <ItemPrice>35.90</ItemPrice>
      <UnitOfMeasurePrice>28.72</UnitOfMeasurePrice>
      <AllowDiscount>1</AllowDiscount>
      <ItemStatus>1</ItemStatus>
    </Item>
    <Item>
      <PriceUpdateDate>2024-12-25 06:10</PriceUpdateDate>
      <ItemCode>7290000319124</ItemCode>
      <ItemType>1</ItemType>
      <ItemName>סלמי סרוולט 250 גרם</ItemName>
      <ManufacturerName>יחיעם</ManufacturerName>
      <ManufactureCountry>IL</ManufactureCountry>
      <ManufacturerItemDescription>סלמי סרוולט</ManufacturerItemDescription>
      <UnitQty>גרמים</UnitQty>
      <Quantity>250.00</Quantity>
      <bIsWeighted>0</bIsWeighted>
      <UnitOfMeasure>100 גרם</UnitOfMeasure>
      <QtyInPackage>0</QtyInPackage>
      <ItemPrice>46.50</ItemPrice>
      <UnitOfMeasurePrice>18.60</UnitOfMeasurePrice>
      <AllowDiscount>1</AllowDiscount>
      <ItemStatus>1</ItemStatus>
    </Item>
    <Item>
      <PriceUpdateDate>2024-12-25 06:10</PriceUpdateDate>
      <ItemCode>7290000319148</ItemCode>
      <ItemType>1</ItemType>
      <ItemName>סלמי צרפתי 250 גרם</ItemName>
      <ManufacturerName>יחיעם</ManufacturerName>
      <ManufactureCountry>IL</ManufactureCountry>
      <ManufacturerItemDescription>סלמי צרפתי</ManufacturerItemDescription>
      <UnitQty>גרמים</UnitQty>
      <Quantity>250.00</Quantity>
      <bIsWeighted>0</bIsWeighted>
      <UnitOfMeasure>100 גרם</UnitOfMeasure>
      <QtyInPackage>1</QtyInPackage>
      <ItemPrice>48.50</ItemPrice>
      <UnitOfMeasurePrice>19.40</UnitOfMeasurePrice>
      <AllowDiscount>1</AllowDiscount>
      <ItemStatus>1</ItemStatus>
    </Item>
    <Item>
      <PriceUpdateDate>2024-12-25 06:10</PriceUpdateDate>
      <ItemCode>7290000363486</ItemCode>
      <ItemType>1</ItemType>
      <ItemName>נקניק תה במשקל</ItemName>
      <ManufacturerName>טירת צבי</ManufacturerName>
      <ManufactureCountry>IL</ManufactureCountry>
      <ManufacturerItemDescription>נקניק תה</ManufacturerItemDescription>
      <UnitQty>קילוגרמים</UnitQty>
      <Quantity>0.00</Quantity>
      <bIsWeighted>1</bIsWeighted>
      <UnitOfMeasure>ק"ג</UnitOfMeasure>
      <QtyInPackage>0</QtyInPackage>
      <ItemPrice>69.00</ItemPrice>
      <UnitOfMeasurePrice>69.00</UnitOfMeasurePrice>
      <AllowDiscount>1</AllowDiscount>
      <ItemStatus>0</ItemStatus>
    </Item>
    <Item>
      <PriceUpdateDate>2024-12-25 06:10</PriceUpdateDate>
      <ItemCode>7290000430102</ItemCode>
      <ItemType>1</ItemType>
      <ItemName>שקית קרח מיסטר אייס 2ק"ג</ItemName>
      <ManufacturerName>שונות</ManufacturerName>
      <ManufactureCountry>IL</ManufactureCountry>
      <ManufacturerItemDescription>שקית קרח</ManufacturerItemDescription>
      <UnitQty>יחידה</UnitQty>
      <Quantity>1.00</Quantity>
      <bIsWeighted>0</bIsWeighted>
      <UnitOfMeasure>יחידה</UnitOfMeasure>
      <QtyInPackage>0</QtyInPackage>
      <ItemPrice>11.00</ItemPrice>
      <UnitOfMeasurePrice>11.00</UnitOfMeasurePrice>
      <AllowDiscount>1</AllowDiscount>
      <ItemStatus>0</ItemStatus>
    </Item>
    <Item>
      <PriceUpdateDate>2024-12-25 06:10</PriceUpdateDate>
      <ItemCode>7290000518336</ItemCode>
      <ItemType>1</ItemType>
      <ItemName>מוש צמר גפן ללת"ס100גרם</ItemName>
      <ManufacturerName>מתוק וקל בעמ</ManufacturerName>
      <ManufactureCountry>IL</ManufactureCountry>
      <ManufacturerItemDescription>צמר גפן מתוק</ManufacturerItemDescription>
      <UnitQty>גרמים</UnitQty>
      <Quantity>10.00</Quantity>
      <bIsWeighted>0</bIsWeighted>
      <UnitOfMeasure>100 גרם</UnitOfMeasure>
      <QtyInPackage>1</QtyInPackage>
      <ItemPrice>6.20</ItemPrice>
      <UnitOfMeasurePrice>62.00</UnitOfMeasurePrice>
      <AllowDiscount>1</AllowDiscount>
      <ItemStatus>1</ItemStatus>
    </Item>
    <Item>
      <PriceUpdateDate>2024-12-25 06:10</PriceUpdateDate>
      <ItemCode>7290000530703</ItemCode>
      <ItemType>1</ItemType>
      <ItemName>פסטרמה חרמון+תה 400+400ג</ItemName>
      <ManufacturerName>זוגלובק</ManufacturerName>
      <ManufactureCountry>IL</ManufactureCountry>
      <ManufacturerItemDescription>פסטרמה חרמון+תה 400+400ג</ManufacturerItemDescription>
      <UnitQty>גרמים</UnitQty>
      <Quantity>800.00</Quantity>
      <bIsWeighted>0</bIsWeighted>
      <UnitOfMeasure>100 גרם</UnitOfMeasure>
      <QtyInPackage>0</QtyInPackage>
      <ItemPrice>35.90</ItemPrice>
      <UnitOfMeasurePrice>4.49</UnitOfMeasurePrice>
      <AllowDiscount>1</AllowDiscount>
      <ItemStatus>1</ItemStatus>
    </Item>
    <Item>
      <PriceUpdateDate>2024-12-25 06:10</PriceUpdateDate>
      <ItemCode>7290000532400</ItemCode>
      <ItemType>1</ItemType>
      <ItemName>חזה הודו ברביקיו במשקל</ItemName>
      <ManufacturerName>זוגלובק</ManufacturerName>
      <ManufactureCountry>IL</ManufactureCountry>
      <ManufacturerItemDescription>חזה הודו ברביקיו במשקל</ManufacturerItemDescription>
      <UnitQty>קילוגרמים</UnitQty>
      <Quantity>0.00</Quantity>
      <bIsWeighted>1</bIsWeighted>
      <UnitOfMeasure>ק"ג</UnitOfMeasure>
      <QtyInPackage>0</QtyInPackage>
      <ItemPrice>111.00</ItemPrice>
      <UnitOfMeasurePrice>111.00</UnitOfMeasurePrice>
      <AllowDiscount>1</AllowDiscount>
      <ItemStatus>0</ItemStatus>
    </Item>
    <Item>
      <PriceUpdateDate>2024-12-25 07:00</PriceUpdateDate>
      <ItemCode>7290000540375</ItemCode>
      <ItemType>1</ItemType>
      <ItemName>שיפוד שטוח במבוק 25 יח</ItemName>
      <ManufacturerName>סין</ManufacturerName>
      <ManufactureCountry>CN</ManufactureCountry>
      <ManufacturerItemDescription>שיפודי במבוק</ManufacturerItemDescription>
      <UnitQty>יחידה</UnitQty>
      <Quantity>1.00</Quantity>
      <bIsWeighted>0</bIsWeighted>
      <UnitOfMeasure>יחידה</UnitOfMeasure>
      <QtyInPackage>1</QtyInPackage>
      <ItemPrice>11.90</ItemPrice>
      <UnitOfMeasurePrice>11.90</UnitOfMeasurePrice>
      <AllowDiscount>1</AllowDiscount>
      <ItemStatus>1</ItemStatus>
    </Item>
    <Item>
      <PriceUpdateDate>2024-12-25 06:10</PriceUpdateDate>
      <ItemCode>7290000571188</ItemCode>
      <ItemType>1</ItemType>
      <ItemName>גאודה תום עיזים30% גד</ItemName>
      <ManufacturerName>תנובה</ManufacturerName>
      <ManufactureCountry>IL</ManufactureCountry>
      <ManufacturerItemDescription>גבינת עיזים</ManufacturerItemDescription>
      <UnitQty>קילוגרמים</UnitQty>
      <Quantity>0.00</Quantity>
      <bIsWeighted>1</bIsWeighted>
      <UnitOfMeasure>ק"ג</UnitOfMeasure>
      <QtyInPackage>0</QtyInPackage>
      <ItemPrice>165.00</ItemPrice>
      <UnitOfMeasurePrice>165.00</UnitOfMeasurePrice>
      <AllowDiscount>1</AllowDiscount>
      <ItemStatus>1</ItemStatus>
    </Item>
    <Item>
      <PriceUpdateDate>2024-12-25 06:10</PriceUpdateDate>
      <ItemCode>7290000611273</ItemCode>
      <ItemType>1</ItemType>
      <ItemName>עוף טרי מוכשר תפ</ItemName>
      <ManufacturerName>עוף עוז</ManufacturerName>
      <ManufactureCountry>IL</ManufactureCountry>
      <ManufacturerItemDescription>עוף טרי שלם</ManufacturerItemDescription>
      <UnitQty>קילוגרמים</UnitQty>
      <Quantity>0.00</Quantity>
      <bIsWeighted>1</bIsWeighted>
      <UnitOfMeasure>ק"ג</UnitOfMeasure>
      <QtyInPackage>0</QtyInPackage>
      <ItemPrice>21.90</ItemPrice>
      <UnitOfMeasurePrice>21.90</UnitOfMeasurePrice>
      <AllowDiscount>1</AllowDiscount>
      <ItemStatus>0</ItemStatus>
    </Item>
    <Item>
      <PriceUpdateDate>2024-12-25 06:30</PriceUpdateDate>
      <ItemCode>7290000616810</ItemCode>
      <ItemType>1</ItemType>
      <ItemName>כנפיים עוף טרי ארוז</ItemName>
      <ManufacturerName>עוף עוז</ManufacturerName>
      <ManufactureCountry>IL</ManufactureCountry>
      <ManufacturerItemDescription>כנפיים עוף טרי</ManufacturerItemDescription>
      <UnitQty>קילוגרמים</UnitQty>
      <Quantity>0.00</Quantity>
      <bIsWeighted>1</bIsWeighted>
      <UnitOfMeasure>ק"ג</UnitOfMeasure>
      <QtyInPackage>1</QtyInPackage>
      <ItemPrice>13.90</ItemPrice>
      <UnitOfMeasurePrice>13.90</UnitOfMeasurePrice>
      <AllowDiscount>1</AllowDiscount>
      <ItemStatus>1</ItemStatus>
    </Item>
    <Item>
      <PriceUpdateDate>2024-12-25 12:40</PriceUpdateDate>
      <ItemCode>7290000928524</ItemCode>
      <ItemType>0</ItemType>
      <ItemName>אנטריקוט עם עצם טרי מחיר</ItemName>
      <ManufacturerName>שונות</ManufacturerName>
      <ManufactureCountry>IL</ManufactureCountry>
      <ManufacturerItemDescription>אנטריקוט ע.עצםטר</ManufacturerItemDescription>
      <UnitQty>קילוגרמים</UnitQty>
      <Quantity>0.00</Quantity>
      <bIsWeighted>1</bIsWeighted>
      <UnitOfMeasure>ק"ג</UnitOfMeasure>
      <QtyInPackage>0</QtyInPackage>
      <ItemPrice>89.90</ItemPrice>
      <UnitOfMeasurePrice>89.90</UnitOfMeasurePrice>
      <AllowDiscount>1</AllowDiscount>
      <ItemStatus>1</ItemStatus>
    </Item>
    <Item>
      <PriceUpdateDate>2024-12-25 06:10</PriceUpdateDate>
      <ItemCode>7290000960272</ItemCode>
      <ItemType>0</ItemType>
      <ItemName>עגבניה אורגנית</ItemName>
      <ManufacturerName />
      <ManufactureCountry>IL</ManufactureCountry>
      <ManufacturerItemDescription>עגבניה אורגנית</ManufacturerItemDescription>
      <UnitQty>קילוגרמים</UnitQty>
      <Quantity>0.00</Quantity>
      <bIsWeighted>1</bIsWeighted>
      <UnitOfMeasure>ק"ג</UnitOfMeasure>
      <QtyInPackage>0</QtyInPackage>
      <ItemPrice>16.90</ItemPrice>
      <UnitOfMeasurePrice>16.90</UnitOfMeasurePrice>
      <AllowDiscount>1</AllowDiscount>
      <ItemStatus>0</ItemStatus>
    </Item>
    <Item>
      <PriceUpdateDate>2024-12-25 06:10</PriceUpdateDate>
      <ItemCode>7290000960906</ItemCode>
      <ItemType>0</ItemType>
      <ItemName>בצל יבש אורגני</ItemName>
      <ManufacturerName />
      <ManufactureCountry>IL</ManufactureCountry>
      <ManufacturerItemDescription>בצל יבש אורגני</ManufacturerItemDescription>
      <UnitQty>קילוגרמים</UnitQty>
      <Quantity>0.00</Quantity>
      <bIsWeighted>1</bIsWeighted>
      <UnitOfMeasure>ק"ג</UnitOfMeasure>
      <QtyInPackage>0</QtyInPackage>
      <ItemPrice>14.90</ItemPrice>
      <UnitOfMeasurePrice>14.90</UnitOfMeasurePrice>
      <AllowDiscount>1</AllowDiscount>
      <ItemStatus>0</ItemStatus>
    </Item>
    <Item>
      <PriceUpdateDate>2024-12-25 06:10</PriceUpdateDate>
      <ItemCode>7290000961392</ItemCode>
      <ItemType>0</ItemType>
      <ItemName>פלפל שישקה אדום מתוק</ItemName>
      <ManufacturerName>קטיף.</ManufacturerName>
      <ManufactureCountry>IL</ManufactureCountry>
      <ManufacturerItemDescription>פ.שישקה אדום</ManufacturerItemDescription>
      <UnitQty>קילוגרמים</UnitQty>
      <Quantity>0.00</Quantity>
      <bIsWeighted>1</bIsWeighted>
      <UnitOfMeasure>ק"ג</UnitOfMeasure>
      <QtyInPackage>0</QtyInPackage>
      <ItemPrice>14.90</ItemPrice>
      <UnitOfMeasurePrice>14.90</UnitOfMeasurePrice>
      <AllowDiscount>1</AllowDiscount>
      <ItemStatus>0</ItemStatus>
    </Item>
    <Item>
      <PriceUpdateDate>2024-12-25 06:10</PriceUpdateDate>
      <ItemCode>7290000963426</ItemCode>
      <ItemType>0</ItemType>
      <ItemName>תפוח עץ גאלה 70</ItemName>
      <ManufacturerName>קטיף.</ManufacturerName>
      <ManufactureCountry>IL</ManufactureCountry>
      <ManufacturerItemDescription>תפוח עץ גאלה 70</ManufacturerItemDescription>
      <UnitQty>קילוגרמים</UnitQty>
      <Quantity>0.00</Quantity>
      <bIsWeighted>1</bIsWeighted>
      <UnitOfMeasure>ק"ג</UnitOfMeasure>
      <QtyInPackage>0</QtyInPackage>
      <ItemPrice>14.90</ItemPrice>
      <UnitOfMeasurePrice>14.90</UnitOfMeasurePrice>
      <AllowDiscount>1</AllowDiscount>
      <ItemStatus>1</ItemStatus>
    </Item>
    <Item>
      <PriceUpdateDate>2024-12-25 14:00</PriceUpdateDate>
      <ItemCode>7290000964379</ItemCode>
      <ItemType>0</ItemType>
      <ItemName>אשכולית לבנה</ItemName>
      <ManufacturerName>קטיף.</ManufacturerName>
      <ManufactureCountry>IL</ManufactureCountry>
      <ManufacturerItemDescription>אשכולית לבנה</ManufacturerItemDescription>
      <UnitQty>קילוגרמים</UnitQty>
      <Quantity>0.00</Quantity>
      <bIsWeighted>1</bIsWeighted>
      <UnitOfMeasure>ק"ג</UnitOfMeasure>
      <QtyInPackage>0</QtyInPackage>
      <ItemPrice>2.90</ItemPrice>
      <UnitOfMeasurePrice>2.90</UnitOfMeasurePrice>
      <AllowDiscount>1</AllowDiscount>
      <ItemStatus>1</ItemStatus>
    </Item>
    <Item>
      <PriceUpdateDate>2024-12-25 06:10</PriceUpdateDate>
      <ItemCode>7290000972268</ItemCode>
      <ItemType>0</ItemType>
      <ItemName>קוקוס ראש חוף השנהב*</ItemName>
      <ManufacturerName>קטיף.</ManufacturerName>
      <ManufactureCountry>CI</ManufactureCountry>
      <ManufacturerItemDescription>קוקוס ראש חוף השנהב*</ManufacturerItemDescription>
      <UnitQty>יחידה</UnitQty>
      <Quantity>1.00</Quantity>
      <bIsWeighted>0</bIsWeighted>
      <UnitOfMeasure>יחידה</UnitOfMeasure>
      <QtyInPackage>0</QtyInPackage>
      <ItemPrice>7.90</ItemPrice>
      <UnitOfMeasurePrice>7.90</UnitOfMeasurePrice>
      <AllowDiscount>1</AllowDiscount>
      <ItemStatus>1</ItemStatus>
    </Item>
    <Item>
      <PriceUpdateDate>2024-12-25 06:20</PriceUpdateDate>
      <ItemCode>7290000994819</ItemCode>
      <ItemType>0</ItemType>
      <ItemName>קלמנטינה אורגנית</ItemName>
      <ManufacturerName />
      <ManufactureCountry>IL</ManufactureCountry>
      <ManufacturerItemDescription>קלמנטינה אורגנית</ManufacturerItemDescription>
      <UnitQty>קילוגרמים</UnitQty>
      <Quantity>0.00</Quantity>
      <bIsWeighted>1</bIsWeighted>
      <UnitOfMeasure>ק"ג</UnitOfMeasure>
      <QtyInPackage>0</QtyInPackage>
      <ItemPrice>14.90</ItemPrice>
      <UnitOfMeasurePrice>14.90</UnitOfMeasurePrice>
      <AllowDiscount>1</AllowDiscount>
      <ItemStatus>0</ItemStatus>
    </Item>
    <Item>
      <PriceUpdateDate>2024-12-25 14:46</PriceUpdateDate>
      <ItemCode>7290001193549</ItemCode>
      <ItemType>1</ItemType>
      <ItemName>ערכת נרות חנוכה שמן מוצק</ItemName>
      <ManufacturerName>שלהבת</ManufacturerName>
      <ManufactureCountry>IL</ManufactureCountry>
      <ManufacturerItemDescription>ערכת נרות חנוכה שמן מוצק</ManufacturerItemDescription>
      <UnitQty>יחידה</UnitQty>
      <Quantity>1.00</Quantity>
      <bIsWeighted>0</bIsWeighted>
      <UnitOfMeasure>יחידה</UnitOfMeasure>
      <QtyInPackage>0</QtyInPackage>
      <ItemPrice>49.50</ItemPrice>
      <UnitOfMeasurePrice>49.50</UnitOfMeasurePrice>
      <AllowDiscount>1</AllowDiscount>
      <ItemStatus>1</ItemStatus>
    </Item>
    <Item>
      <PriceUpdateDate>2024-12-25 06:20</PriceUpdateDate>
      <ItemCode>7290001258453</ItemCode>
      <ItemType>1</ItemType>
      <ItemName>קממברט בקר+אגוזים במשקל</ItemName>
      <ManufacturerName>גבינות משק יעקבס</ManufacturerName>
      <ManufactureCountry>IL</ManufactureCountry>
      <ManufacturerItemDescription>קממברט בקר יעקבס</ManufacturerItemDescription>
      <UnitQty>קילוגרמים</UnitQty>
      <Quantity>0.00</Quantity>
      <bIsWeighted>1</bIsWeighted>
      <UnitOfMeasure>ק"ג</UnitOfMeasure>
      <QtyInPackage>0</QtyInPackage>
      <ItemPrice>159.00</ItemPrice>
      <UnitOfMeasurePrice>159.00</UnitOfMeasurePrice>
      <AllowDiscount>1</AllowDiscount>
      <ItemStatus>0</ItemStatus>
    </Item>
    <Item>
      <PriceUpdateDate>2024-12-25 06:20</PriceUpdateDate>
      <ItemCode>7290001258682</ItemCode>
      <ItemType>1</ItemType>
      <ItemName>יוגורט עיזים 500 מ"ל</ItemName>
      <ManufacturerName>משק יעקבס</ManufacturerName>
      <ManufactureCountry>IL</ManufactureCountry>
      <ManufacturerItemDescription>יוגורט עיזים</ManufacturerItemDescription>
      <UnitQty>מיליליטרים</UnitQty>
      <Quantity>500.00</Quantity>
      <bIsWeighted>0</bIsWeighted>
      <UnitOfMeasure>100 מ"ל</UnitOfMeasure>
      <QtyInPackage>0</QtyInPackage>
      <ItemPrice>19.50</ItemPrice>
      <UnitOfMeasurePrice>3.90</UnitOfMeasurePrice>
      <AllowDiscount>1</AllowDiscount>
      <ItemStatus>0</ItemStatus>
    </Item>
    <Item>
      <PriceUpdateDate>2024-12-25 06:20</PriceUpdateDate>
      <ItemCode>7290001258729</ItemCode>
      <ItemType>1</ItemType>
      <ItemName>לבנה עיזים 250 גרם</ItemName>
      <ManufacturerName>משק יעקבס</ManufacturerName>
      <ManufactureCountry>IL</ManufactureCountry>
      <ManufacturerItemDescription>לאבנה עיזים 250 גרם</ManufacturerItemDescription>
      <UnitQty>גרמים</UnitQty>
      <Quantity>250.00</Quantity>
      <bIsWeighted>0</bIsWeighted>
      <UnitOfMeasure>100 גרם</UnitOfMeasure>
      <QtyInPackage>0</QtyInPackage>
      <ItemPrice>19.90</ItemPrice>
      <UnitOfMeasurePrice>7.96</UnitOfMeasurePrice>
      <AllowDiscount>1</AllowDiscount>
      <ItemStatus>1</ItemStatus>
    </Item>
    <Item>
      <PriceUpdateDate>2024-12-25 06:20</PriceUpdateDate>
      <ItemCode>7290001258804</ItemCode>
      <ItemType>1</ItemType>
      <ItemName>גבינה קשקבל 180 גרם</ItemName>
      <ManufacturerName>משק יעקבס</ManufacturerName>
      <ManufactureCountry>IL</ManufactureCountry>
      <ManufacturerItemDescription>גבינה קשקבל</ManufacturerItemDescription>
      <UnitQty>גרמים</UnitQty>
      <Quantity>180.00</Quantity>
      <bIsWeighted>0</bIsWeighted>
      <UnitOfMeasure>100 גרם</UnitOfMeasure>
      <QtyInPackage>0</QtyInPackage>
      <ItemPrice>32.90</ItemPrice>
      <UnitOfMeasurePrice>18.28</UnitOfMeasurePrice>
      <AllowDiscount>1</AllowDiscount>
      <ItemStatus>1</ItemStatus>
    </Item>
    <Item>
      <PriceUpdateDate>2024-12-25 07:00</PriceUpdateDate>
      <ItemCode>7290001303283</ItemCode>
      <ItemType>1</ItemType>
      <ItemName>חזה עוף פרוס ארוז קפוא</ItemName>
      <ManufacturerName>עוף עוז</ManufacturerName>
      <ManufactureCountry>IL</ManufactureCountry>
      <ManufacturerItemDescription>חזה עוף פרוס ארו</ManufacturerItemDescription>
      <UnitQty>קילוגרמים</UnitQty>
      <Quantity>0.00</Quantity>
      <bIsWeighted>1</bIsWeighted>
      <UnitOfMeasure>ק"ג</UnitOfMeasure>
      <QtyInPackage>1</QtyInPackage>
      <ItemPrice>44.90</ItemPrice>
      <UnitOfMeasurePrice>44.90</UnitOfMeasurePrice>
      <AllowDiscount>1</AllowDiscount>
      <ItemStatus>0</ItemStatus>
    </Item>
    <Item>
      <PriceUpdateDate>2024-12-25 06:10</PriceUpdateDate>
      <ItemCode>7290001305058</ItemCode>
      <ItemType>1</ItemType>
      <ItemName>סב.נוז.פלמול.חלב דבש500מ</ItemName>
      <ManufacturerName>קולגייט-פלמוליב</ManufacturerName>
      <ManufactureCountry>TR</ManufactureCountry>
      <ManufacturerItemDescription>סב.נוזלי פלמוליב</ManufacturerItemDescription>
      <UnitQty>מיליליטרים</UnitQty>
      <Quantity>500.00</Quantity>
      <bIsWeighted>0</bIsWeighted>
      <UnitOfMeasure>100 מ"ל</UnitOfMeasure>
      <QtyInPackage>0</QtyInPackage>
      <ItemPrice>21.50</ItemPrice>
      <UnitOfMeasurePrice>4.30</UnitOfMeasurePrice>
      <AllowDiscount>1</AllowDiscount>
      <ItemStatus>1</ItemStatus>
    </Item>
    <Item>
      <PriceUpdateDate>2024-12-25 06:20</PriceUpdateDate>
      <ItemCode>7290001407769</ItemCode>
      <ItemType>1</ItemType>
      <ItemName>טחינה שומש.מלא בארכה500ג</ItemName>
      <ManufacturerName>רושדי תעשיות מזון בע"\מ</ManufacturerName>
      <ManufactureCountry>IL</ManufactureCountry>
      <ManufacturerItemDescription>טחינה שומשום</ManufacturerItemDescription>
      <UnitQty>גרמים</UnitQty>
      <Quantity>500.00</Quantity>
      <bIsWeighted>0</bIsWeighted>
      <UnitOfMeasure>100 גרם</UnitOfMeasure>
      <QtyInPackage>0</QtyInPackage>
      <ItemPrice>19.50</ItemPrice>
      <UnitOfMeasurePrice>3.90</UnitOfMeasurePrice>
      <AllowDiscount>1</AllowDiscount>
      <ItemStatus>0</ItemStatus>
    </Item>
    <Item>
      <PriceUpdateDate>2024-12-25 06:30</PriceUpdateDate>
      <ItemCode>7290001670255</ItemCode>
      <ItemType>1</ItemType>
      <ItemName>50 כוסות קרטון 8B</ItemName>
      <ManufacturerName>TEU</ManufacturerName>
      <ManufactureCountry>CN</ManufactureCountry>
      <ManufacturerItemDescription>50כוסות קרטון</ManufacturerItemDescription>
      <UnitQty>יחידה</UnitQty>
      <Quantity>1.00</Quantity>
      <bIsWeighted>0</bIsWeighted>
      <UnitOfMeasure>יחידה</UnitOfMeasure>
      <QtyInPackage>50</QtyInPackage>
      <ItemPrice>7.90</ItemPrice>
      <UnitOfMeasurePrice>7.90</UnitOfMeasurePrice>
      <AllowDiscount>1</AllowDiscount>
      <ItemStatus>1</ItemStatus>
    </Item>
    <Item>
      <PriceUpdateDate>2024-12-25 14:45</PriceUpdateDate>
      <ItemCode>7290002008187</ItemCode>
      <ItemType>1</ItemType>
      <ItemName>קשים מתקפלים 40 יח'</ItemName>
      <ManufacturerName>יבוא ושיווק: הנמל אריזות</ManufacturerName>
      <ManufactureCountry>CN</ManufactureCountry>
      <ManufacturerItemDescription>קשים מתקפלים</ManufacturerItemDescription>
      <UnitQty>יחידה</UnitQty>
      <Quantity>1.00</Quantity>
      <bIsWeighted>0</bIsWeighted>
      <UnitOfMeasure>יחידה</UnitOfMeasure>
      <QtyInPackage>0</QtyInPackage>
      <ItemPrice>2.00</ItemPrice>
      <UnitOfMeasurePrice>2.00</UnitOfMeasurePrice>
      <AllowDiscount>1</AllowDiscount>
      <ItemStatus>1</ItemStatus>
    </Item>
    <Item>
      <PriceUpdateDate>2024-12-25 14:45</PriceUpdateDate>
      <ItemCode>7290002008309</ItemCode>
      <ItemType>1</ItemType>
      <ItemName>100עטרות חום בקופסא מס4'</ItemName>
      <ManufacturerName>הנמל אריזות ושיווק בע"\מ</ManufacturerName>
      <ManufactureCountry>IL</ManufactureCountry>
      <ManufacturerItemDescription>100עטרות חום בקופסא מס4</ManufacturerItemDescription>
      <UnitQty>יחידה</UnitQty>
      <Quantity>1.00</Quantity>
      <bIsWeighted>0</bIsWeighted>
      <UnitOfMeasure>יחידה</UnitOfMeasure>
      <QtyInPackage>0</QtyInPackage>
      <ItemPrice>5.00</ItemPrice>
      <UnitOfMeasurePrice>5.00</UnitOfMeasurePrice>
      <AllowDiscount>1</AllowDiscount>
      <ItemStatus>1</ItemStatus>
    </Item>
    <Item>
      <PriceUpdateDate>2024-12-25 14:45</PriceUpdateDate>
      <ItemCode>7290002008989</ItemCode>
      <ItemType>1</ItemType>
      <ItemName>קישקשים בקופסא 225 יח'</ItemName>
      <ManufacturerName>הנמל אריזות ושיווק בע"\מ</ManufacturerName>
      <ManufactureCountry>CN</ManufactureCountry>
      <ManufacturerItemDescription>קישקשים</ManufacturerItemDescription>
      <UnitQty>יחידה</UnitQty>
      <Quantity>1.00</Quantity>
      <bIsWeighted>0</bIsWeighted>
      <UnitOfMeasure>יחידה</UnitOfMeasure>
      <QtyInPackage>0</QtyInPackage>
      <ItemPrice>7.90</ItemPrice>
      <UnitOfMeasurePrice>7.90</UnitOfMeasurePrice>
      <AllowDiscount>1</AllowDiscount>
      <ItemStatus>1</ItemStatus>
    </Item>
    <Item>
      <PriceUpdateDate>2024-12-25 09:30</PriceUpdateDate>
      <ItemCode>7290002020868</ItemCode>
      <ItemType>1</ItemType>
      <ItemName>מארז בייגל רומני 3יח</ItemName>
      <ManufacturerName>גידרון תעשיות בע"מ</ManufacturerName>
      <ManufactureCountry />
      <ManufacturerItemDescription>3 ביגלה רומני</ManufacturerItemDescription>
      <UnitQty>יחידה</UnitQty>
      <Quantity>1.00</Quantity>
      <bIsWeighted>0</bIsWeighted>
      <UnitOfMeasure>יחידה</UnitOfMeasure>
      <QtyInPackage>0</QtyInPackage>
      <ItemPrice>13.90</ItemPrice>
      <UnitOfMeasurePrice>13.90</UnitOfMeasurePrice>
      <AllowDiscount>1</AllowDiscount>
      <ItemStatus>1</ItemStatus>
    </Item>
    <Item>
      <PriceUpdateDate>2024-12-25 06:20</PriceUpdateDate>
      <ItemCode>7290002026440</ItemCode>
      <ItemType>1</ItemType>
      <ItemName>פרצלס קפוא 280 גרם</ItemName>
      <ManufacturerName>מוצרי איכות אמריקאיים בע</ManufacturerName>
      <ManufactureCountry>IL</ManufactureCountry>
      <ManufacturerItemDescription>פרצלס קפוא 280גר</ManufacturerItemDescription>
      <UnitQty>גרמים</UnitQty>
      <Quantity>280.00</Quantity>
      <bIsWeighted>0</bIsWeighted>
      <UnitOfMeasure>100 גרם</UnitOfMeasure>
      <QtyInPackage>0</QtyInPackage>
      <ItemPrice>16.90</ItemPrice>
      <UnitOfMeasurePrice>6.04</UnitOfMeasurePrice>
      <AllowDiscount>1</AllowDiscount>
      <ItemStatus>1</ItemStatus>
    </Item>
    <Item>
      <PriceUpdateDate>2024-12-25 06:10</PriceUpdateDate>
      <ItemCode>7290002107743</ItemCode>
      <ItemType>1</ItemType>
      <ItemName>צפתית מעודנת5%משק צוריאל</ItemName>
      <ManufacturerName>משק צוריאל תבור</ManufacturerName>
      <ManufactureCountry>IL</ManufactureCountry>
      <ManufacturerItemDescription>צפתית מעודנת5%משק צוריאל</ManufacturerItemDescription>
      <UnitQty>קילוגרמים</UnitQty>
      <Quantity>0.00</Quantity>
      <bIsWeighted>1</bIsWeighted>
      <UnitOfMeasure>ק"ג</UnitOfMeasure>
      <QtyInPackage>1</QtyInPackage>
      <ItemPrice>75.00</ItemPrice>
      <UnitOfMeasurePrice>75.00</UnitOfMeasurePrice>
      <AllowDiscount>1</AllowDiscount>
      <ItemStatus>1</ItemStatus>
    </Item>
    <Item>
      <PriceUpdateDate>2024-12-25 07:00</PriceUpdateDate>
      <ItemCode>7290002198130</ItemCode>
      <ItemType>1</ItemType>
      <ItemName>סלמי בציפוי פלפל</ItemName>
      <ManufacturerName>---</ManufacturerName>
      <ManufactureCountry>IL</ManufactureCountry>
      <ManufacturerItemDescription>סלמי בציפוי פלפל</ManufacturerItemDescription>
      <UnitQty>קילוגרמים</UnitQty>
      <Quantity>0.00</Quantity>
      <bIsWeighted>1</bIsWeighted>
      <UnitOfMeasure>ק"ג</UnitOfMeasure>
      <QtyInPackage>1</QtyInPackage>
      <ItemPrice>66.00</ItemPrice>
      <UnitOfMeasurePrice>66.00</UnitOfMeasurePrice>
      <AllowDiscount>1</AllowDiscount>
      <ItemStatus>0</ItemStatus>
    </Item>
    <Item>
      <PriceUpdateDate>2024-12-25 06:10</PriceUpdateDate>
      <ItemCode>7290002333692</ItemCode>
      <ItemType>1</ItemType>
      <ItemName>דוחן אורגני הרדוף 500גרם</ItemName>
      <ManufacturerName>יוניליוור</ManufacturerName>
      <ManufactureCountry>IL</ManufactureCountry>
      <ManufacturerItemDescription>דוחן אורגני הרדוף 500גרם</ManufacturerItemDescription>
      <UnitQty>גרמים</UnitQty>
      <Quantity>500.00</Quantity>
      <bIsWeighted>0</bIsWeighted>
      <UnitOfMeasure>100 גרם</UnitOfMeasure>
      <QtyInPackage>0</QtyInPackage>
      <ItemPrice>15.90</ItemPrice>
      <UnitOfMeasurePrice>3.18</UnitOfMeasurePrice>
      <AllowDiscount>1</AllowDiscount>
      <ItemStatus>0</ItemStatus>
    </Item>
    <Item>
      <PriceUpdateDate>2024-12-25 06:10</PriceUpdateDate>
      <ItemCode>7290002333838</ItemCode>
      <ItemType>1</ItemType>
      <ItemName>כוסמת אורגנית הרדוף500גר</ItemName>
      <ManufacturerName>אול אורגני</ManufacturerName>
      <ManufactureCountry>IL</ManufactureCountry>
      <ManufacturerItemDescription>כוסמת אורגנית הרדוף500גר</ManufacturerItemDescription>
      <UnitQty>גרמים</UnitQty>
      <Quantity>500.00</Quantity>
      <bIsWeighted>0</bIsWeighted>
      <UnitOfMeasure>100 גרם</UnitOfMeasure>
      <QtyInPackage>0</QtyInPackage>
      <ItemPrice>15.90</ItemPrice>
      <UnitOfMeasurePrice>3.18</UnitOfMeasurePrice>
      <AllowDiscount>1</AllowDiscount>
      <ItemStatus>0</ItemStatus>
    </Item>
    <Item>
      <PriceUpdateDate>2024-12-25 06:50</PriceUpdateDate>
      <ItemCode>7290002453352</ItemCode>
      <ItemType>1</ItemType>
      <ItemName>נקנקיות אייריש חלק</ItemName>
      <ManufacturerName>זהר בשר - עופות ובשר בעמ</ManufacturerName>
      <ManufactureCountry>IL</ManufactureCountry>
      <ManufacturerItemDescription>נקנקיות אייריש חלק</ManufacturerItemDescription>
      <UnitQty>גרמים</UnitQty>
      <Quantity>330.00</Quantity>
      <bIsWeighted>0</bIsWeighted>
      <UnitOfMeasure>100 גרם</UnitOfMeasure>
      <QtyInPackage>1</QtyInPackage>
      <ItemPrice>29.90</ItemPrice>
      <UnitOfMeasurePrice>9.06</UnitOfMeasurePrice>
      <AllowDiscount>1</AllowDiscount>
      <ItemStatus>1</ItemStatus>
    </Item>
    <Item>
      <PriceUpdateDate>2024-12-25 09:30</PriceUpdateDate>
      <ItemCode>7290002759164</ItemCode>
      <ItemType>1</ItemType>
      <ItemName>מארז בייגלה ירושלמי 3יח</ItemName>
      <ManufacturerName>גידרון תעשיות בע"מ</ManufacturerName>
      <ManufactureCountry>IL</ManufactureCountry>
      <ManufacturerItemDescription>3בייגלה ירושלמי</ManufacturerItemDescription>
      <UnitQty>יחידה</UnitQty>
      <Quantity>1.00</Quantity>
      <bIsWeighted>0</bIsWeighted>
      <UnitOfMeasure>יחידה</UnitOfMeasure>
      <QtyInPackage>0</QtyInPackage>
      <ItemPrice>13.90</ItemPrice>
      <UnitOfMeasurePrice>13.90</UnitOfMeasurePrice>
      <AllowDiscount>1</AllowDiscount>
      <ItemStatus>1</ItemStatus>
    </Item>
    <Item>
      <PriceUpdateDate>2024-12-25 06:20</PriceUpdateDate>
      <ItemCode>7290002759522</ItemCode>
      <ItemType>1</ItemType>
      <ItemName>מארז4 לחמניית חלה מתוקה</ItemName>
      <ManufacturerName>גידרון תעשיות בע"מ</ManufacturerName>
      <ManufactureCountry />
      <ManufacturerItemDescription>לחמנ.חלה מתוקה 4</ManufacturerItemDescription>
      <UnitQty>יחידה</UnitQty>
      <Quantity>1.00</Quantity>
      <bIsWeighted>0</bIsWeighted>
      <UnitOfMeasure>יחידה</UnitOfMeasure>
      <QtyInPackage>0</QtyInPackage>
      <ItemPrice>17.50</ItemPrice>
      <UnitOfMeasurePrice>17.50</UnitOfMeasurePrice>
      <AllowDiscount>1</AllowDiscount>
      <ItemStatus>0</ItemStatus>
    </Item>
    <Item>
      <PriceUpdateDate>2024-12-25 06:10</PriceUpdateDate>
      <ItemCode>7290002768159</ItemCode>
      <ItemType>1</ItemType>
      <ItemName>בת אורן סבון נוזלי 500מל</ItemName>
      <ManufacturerName>קרליין</ManufacturerName>
      <ManufactureCountry>IL</ManufactureCountry>
      <ManufacturerItemDescription>בת אורן סבון נוזלי 500מל</ManufacturerItemDescription>
      <UnitQty>מיליליטרים</UnitQty>
      <Quantity>500.00</Quantity>
      <bIsWeighted>0</bIsWeighted>
      <UnitOfMeasure>100 מ"ל</UnitOfMeasure>
      <QtyInPackage>0</QtyInPackage>
      <ItemPrice>22.50</ItemPrice>
      <UnitOfMeasurePrice>4.50</UnitOfMeasurePrice>
      <AllowDiscount>1</AllowDiscount>
      <ItemStatus>0</ItemStatus>
    </Item>
    <Item>
      <PriceUpdateDate>2024-12-25 06:10</PriceUpdateDate>
      <ItemCode>7290002862123</ItemCode>
      <ItemType>1</ItemType>
      <ItemName>סחוג ירוק 150 גרם</ItemName>
      <ManufacturerName>הררית מזון בעמ</ManufacturerName>
      <ManufactureCountry>IL</ManufactureCountry>
      <ManufacturerItemDescription>סחוג ירוק</ManufacturerItemDescription>
      <UnitQty>גרמים</UnitQty>
      <Quantity>150.00</Quantity>
      <bIsWeighted>0</bIsWeighted>
      <UnitOfMeasure>100 גרם</UnitOfMeasure>
      <QtyInPackage>0</QtyInPackage>
      <ItemPrice>11.90</ItemPrice>
      <UnitOfMeasurePrice>7.93</UnitOfMeasurePrice>
      <AllowDiscount>1</AllowDiscount>
      <ItemStatus>0</ItemStatus>
    </Item>
    <Item>
      <PriceUpdateDate>2024-12-25 06:50</PriceUpdateDate>
      <ItemCode>7290002881278</ItemCode>
      <ItemType>1</ItemType>
      <ItemName>חצאי אפרסק תומר 820 גרם</ItemName>
      <ManufacturerName>---</ManufacturerName>
      <ManufactureCountry>CN</ManufactureCountry>
      <ManufacturerItemDescription>חצאי אפרסק תומר</ManufacturerItemDescription>
      <UnitQty>גרמים</UnitQty>
      <Quantity>820.00</Quantity>
      <bIsWeighted>0</bIsWeighted>
      <UnitOfMeasure>100 גרם</UnitOfMeasure>
      <QtyInPackage>1</QtyInPackage>
      <ItemPrice>11.90</ItemPrice>
      <UnitOfMeasurePrice>1.45</UnitOfMeasurePrice>
      <AllowDiscount>1</AllowDiscount>
      <ItemStatus>1</ItemStatus>
    </Item>
    <Item>
      <PriceUpdateDate>2024-12-25 12:19</PriceUpdateDate>
      <ItemCode>7290002881872</ItemCode>
      <ItemType>1</ItemType>
      <ItemName>פיטריות חתוכות מי מלח290</ItemName>
      <ManufacturerName>---</ManufacturerName>
      <ManufactureCountry>NL</ManufactureCountry>
      <ManufacturerItemDescription>פיטריות חתוכות מי מלח290</ManufacturerItemDescription>
      <UnitQty>גרמים</UnitQty>
      <Quantity>290.00</Quantity>
      <bIsWeighted>0</bIsWeighted>
      <UnitOfMeasure>100 גרם</UnitOfMeasure>
      <QtyInPackage>1</QtyInPackage>
      <ItemPrice>6.50</ItemPrice>
      <UnitOfMeasurePrice>2.24</UnitOfMeasurePrice>
      <AllowDiscount>1</AllowDiscount>
      <ItemStatus>1</ItemStatus>
    </Item>
    <Item>
      <PriceUpdateDate>2024-12-25 06:10</PriceUpdateDate>
      <ItemCode>7290002904694</ItemCode>
      <ItemType>1</ItemType>
      <ItemName>דאו.טיטניום תרסיס 180 מל</ItemName>
      <ManufacturerName>אמיליה קוסמטיקס בעמ</ManufacturerName>
      <ManufactureCountry>TR</ManufactureCountry>
      <ManufacturerItemDescription>דאודורנט טיטניום</ManufacturerItemDescription>
      <UnitQty>מיליליטרים</UnitQty>
      <Quantity>180.00</Quantity>
      <bIsWeighted>0</bIsWeighted>
      <UnitOfMeasure>100 מ"ל</UnitOfMeasure>
      <QtyInPackage>0</QtyInPackage>
      <ItemPrice>16.90</ItemPrice>
      <UnitOfMeasurePrice>9.39</UnitOfMeasurePrice>
      <AllowDiscount>1</AllowDiscount>
      <ItemStatus>0</ItemStatus>
    </Item>
    <Item>
      <PriceUpdateDate>2024-12-25 06:30</PriceUpdateDate>
      <ItemCode>7290002929130</ItemCode>
      <ItemType>1</ItemType>
      <ItemName>גבינה דנאבלו 29%</ItemName>
      <ManufacturerName />
      <ManufactureCountry>DK</ManufactureCountry>
      <ManufacturerItemDescription>גבינה דנאבלו 29%</ManufacturerItemDescription>
      <UnitQty>קילוגרמים</UnitQty>
      <Quantity>0.00</Quantity>
      <bIsWeighted>1</bIsWeighted>
      <UnitOfMeasure>ק"ג</UnitOfMeasure>
      <QtyInPackage>0</QtyInPackage>
      <ItemPrice>119.00</ItemPrice>
      <UnitOfMeasurePrice>119.00</UnitOfMeasurePrice>
      <AllowDiscount>1</AllowDiscount>
      <ItemStatus>0</ItemStatus>
    </Item>
    <Item>
      <PriceUpdateDate>2024-12-25 06:10</PriceUpdateDate>
      <ItemCode>7290003009640</ItemCode>
      <ItemType>1</ItemType>
      <ItemName>מיץ תפוזים סחוט 1 ליטר</ItemName>
      <ManufacturerName>גת</ManufacturerName>
      <ManufactureCountry>IL</ManufactureCountry>
      <ManufacturerItemDescription>מיץ תפוזים סחוט</ManufacturerItemDescription>
      <UnitQty>ליטרים</UnitQty>
      <Quantity>1.00</Quantity>
      <bIsWeighted>0</bIsWeighted>
      <UnitOfMeasure>ליטר</UnitOfMeasure>
      <QtyInPackage>0</QtyInPackage>
      <ItemPrice>17.90</ItemPrice>
      <UnitOfMeasurePrice>17.90</UnitOfMeasurePrice>
      <AllowDiscount>1</AllowDiscount>
      <ItemStatus>0</ItemStatus>
    </Item>
    <Item>
      <PriceUpdateDate>2024-12-25 06:10</PriceUpdateDate>
      <ItemCode>7290003026227</ItemCode>
      <ItemType>1</ItemType>
      <ItemName>שמפו אל דמע קמיל בלו 1לי</ItemName>
      <ManufacturerName>פישר מעבדות פרמצבטיות בע</ManufacturerName>
      <ManufactureCountry>IL</ManufactureCountry>
      <ManufacturerItemDescription>שמפו קמיל בלו</ManufacturerItemDescription>
      <UnitQty>ליטרים</UnitQty>
      <Quantity>1.00</Quantity>
      <bIsWeighted>0</bIsWeighted>
      <UnitOfMeasure>ליטר</UnitOfMeasure>
      <QtyInPackage>0</QtyInPackage>
      <ItemPrice>35.90</ItemPrice>
      <UnitOfMeasurePrice>35.90</UnitOfMeasurePrice>
      <AllowDiscount>1</AllowDiscount>
      <ItemStatus>0</ItemStatus>
    </Item>
    <Item>
      <PriceUpdateDate>2024-12-25 06:20</PriceUpdateDate>
      <ItemCode>7290003208586</ItemCode>
      <ItemType>1</ItemType>
      <ItemName>מרטיני ביאנקו 750 מ"ל</ItemName>
      <ManufacturerName>מרטיני ורוסי</ManufacturerName>
      <ManufactureCountry>IT</ManufactureCountry>
      <ManufacturerItemDescription>מרטיני ביאנקו</ManufacturerItemDescription>
      <UnitQty>מיליליטרים</UnitQty>
      <Quantity>750.00</Quantity>
      <bIsWeighted>0</bIsWeighted>
      <UnitOfMeasure>100 מ"ל</UnitOfMeasure>
      <QtyInPackage>0</QtyInPackage>
      <ItemPrice>59.90</ItemPrice>
      <UnitOfMeasurePrice>7.99</UnitOfMeasurePrice>
      <AllowDiscount>1</AllowDiscount>
      <ItemStatus>1</ItemStatus>
    </Item>
    <Item>
      <PriceUpdateDate>2024-12-25 06:10</PriceUpdateDate>
      <ItemCode>7290003268641</ItemCode>
      <ItemType>1</ItemType>
      <ItemName>חלה "המיוחדת של עינת"</ItemName>
      <ManufacturerName>דגנית עין בר תעשיות מזון</ManufacturerName>
      <ManufactureCountry>IL</ManufactureCountry>
      <ManufacturerItemDescription>חלה "המיוחדת של עינת"</ManufacturerItemDescription>
      <UnitQty>גרמים</UnitQty>
      <Quantity>500.00</Quantity>
      <bIsWeighted>0</bIsWeighted>
      <UnitOfMeasure>100 גרם</UnitOfMeasure>
      <QtyInPackage>1</QtyInPackage>
      <ItemPrice>17.90</ItemPrice>
      <UnitOfMeasurePrice>3.58</UnitOfMeasurePrice>
      <AllowDiscount>1</AllowDiscount>
      <ItemStatus>0</ItemStatus>
    </Item>
    <Item>
      <PriceUpdateDate>2024-12-25 06:50</PriceUpdateDate>
      <ItemCode>7290003287017</ItemCode>
      <ItemType>1</ItemType>
      <ItemName>גידים בקר חלק קפוא</ItemName>
      <ManufacturerName>מינרבה</ManufacturerName>
      <ManufactureCountry>BR</ManufactureCountry>
      <ManufacturerItemDescription>גידים חלק קפוא</ManufacturerItemDescription>
      <UnitQty>קילוגרמים</UnitQty>
      <Quantity>0.00</Quantity>
      <bIsWeighted>1</bIsWeighted>
      <UnitOfMeasure>ק"ג</UnitOfMeasure>
      <QtyInPackage>1</QtyInPackage>
      <ItemPrice>59.90</ItemPrice>
      <UnitOfMeasurePrice>59.90</UnitOfMeasurePrice>
      <AllowDiscount>1</AllowDiscount>
      <ItemStatus>1</ItemStatus>
    </Item>
    <Item>
      <PriceUpdateDate>2024-12-25 06:50</PriceUpdateDate>
      <ItemCode>7290003356867</ItemCode>
      <ItemType>1</ItemType>
      <ItemName>פילה עוף טרי טיבעוף מחיר</ItemName>
      <ManufacturerName>יסכה</ManufacturerName>
      <ManufactureCountry>IL</ManufactureCountry>
      <ManufacturerItemDescription>פילה עוף טרי טיב</ManufacturerItemDescription>
      <UnitQty>קילוגרמים</UnitQty>
      <Quantity>0.00</Quantity>
      <bIsWeighted>1</bIsWeighted>
      <UnitOfMeasure>ק"ג</UnitOfMeasure>
      <QtyInPackage>1</QtyInPackage>
      <ItemPrice>49.90</ItemPrice>
      <UnitOfMeasurePrice>49.90</UnitOfMeasurePrice>
      <AllowDiscount>1</AllowDiscount>
      <ItemStatus>0</ItemStatus>
    </Item>
    <Item>
      <PriceUpdateDate>2024-12-25 09:30</PriceUpdateDate>
      <ItemCode>7290003495825</ItemCode>
      <ItemType>1</ItemType>
      <ItemName>4בייגלה טוסט לבן</ItemName>
      <ManufacturerName />
      <ManufactureCountry>IL</ManufactureCountry>
      <ManufacturerItemDescription>4בייגלה טוסט לבן</ManufacturerItemDescription>
      <UnitQty>יחידה</UnitQty>
      <Quantity>1.00</Quantity>
      <bIsWeighted>0</bIsWeighted>
      <UnitOfMeasure>יחידה</UnitOfMeasure>
      <QtyInPackage>0</QtyInPackage>
      <ItemPrice>13.90</ItemPrice>
      <UnitOfMeasurePrice>13.90</UnitOfMeasurePrice>
      <AllowDiscount>1</AllowDiscount>
      <ItemStatus>1</ItemStatus>
    </Item>
    <Item>
      <PriceUpdateDate>2024-12-25 06:20</PriceUpdateDate>
      <ItemCode>7290003550753</ItemCode>
      <ItemType>1</ItemType>
      <ItemName>טונה פוסידון בשמן108*4ג</ItemName>
      <ManufacturerName>פוסידון תעשיות</ManufacturerName>
      <ManufactureCountry>IL</ManufactureCountry>
      <ManufacturerItemDescription>טונה פוסידון בשמן4*108ג</ManufacturerItemDescription>
      <UnitQty>גרמים</UnitQty>
      <Quantity>432.00</Quantity>
      <bIsWeighted>0</bIsWeighted>
      <UnitOfMeasure>100 גרם</UnitOfMeasure>
      <QtyInPackage>0</QtyInPackage>
      <ItemPrice>24.90</ItemPrice>
      <UnitOfMeasurePrice>5.76</UnitOfMeasurePrice>
      <AllowDiscount>1</AllowDiscount>
      <ItemStatus>0</ItemStatus>
    </Item>
    <Item>
      <PriceUpdateDate>2024-12-25 06:10</PriceUpdateDate>
      <ItemCode>7290003578290</ItemCode>
      <ItemType>1</ItemType>
      <ItemName>מקלוני אורז 300 גרם</ItemName>
      <ManufacturerName>כללי</ManufacturerName>
      <ManufactureCountry>CN</ManufactureCountry>
      <ManufacturerItemDescription>מקלוני אורז 300 גרם</ManufacturerItemDescription>
      <UnitQty>גרמים</UnitQty>
      <Quantity>300.00</Quantity>
      <bIsWeighted>0</bIsWeighted>
      <UnitOfMeasure>100 גרם</UnitOfMeasure>
      <QtyInPackage>0</QtyInPackage>
      <ItemPrice>8.90</ItemPrice>
      <UnitOfMeasurePrice>2.97</UnitOfMeasurePrice>
      <AllowDiscount>1</AllowDiscount>
      <ItemStatus>0</ItemStatus>
    </Item>
    <Item>
      <PriceUpdateDate>2024-12-25 06:10</PriceUpdateDate>
      <ItemCode>7290003781850</ItemCode>
      <ItemType>1</ItemType>
      <ItemName>גבינת קשקבל פרוסות 200 ג</ItemName>
      <ManufacturerName>סאסו פטוראגס קומטויס אף</ManufacturerName>
      <ManufactureCountry>TR</ManufactureCountry>
      <ManufacturerItemDescription>גבינת קשקבל</ManufacturerItemDescription>
      <UnitQty>גרמים</UnitQty>
      <Quantity>200.00</Quantity>
      <bIsWeighted>0</bIsWeighted>
      <UnitOfMeasure>100 גרם</UnitOfMeasure>
      <QtyInPackage>1</QtyInPackage>
      <ItemPrice>23.90</ItemPrice>
      <UnitOfMeasurePrice>11.95</UnitOfMeasurePrice>
      <AllowDiscount>1</AllowDiscount>
      <ItemStatus>0</ItemStatus>
    </Item>
    <Item>
      <PriceUpdateDate>2024-12-25 06:10</PriceUpdateDate>
      <ItemCode>7290004121754</ItemCode>
      <ItemType>1</ItemType>
      <ItemName>יופלה קרם גב.ותות3% 150ג</ItemName>
      <ManufacturerName>תנובה בעמ</ManufacturerName>
      <ManufactureCountry>IL</ManufactureCountry>
      <ManufacturerItemDescription>יופלה קרם גבינה</ManufacturerItemDescription>
      <UnitQty>גרמים</UnitQty>
      <Quantity>150.00</Quantity>
      <bIsWeighted>0</bIsWeighted>
      <UnitOfMeasure>100 גרם</UnitOfMeasure>
      <QtyInPackage>0</QtyInPackage>
      <ItemPrice>5.70</ItemPrice>
      <UnitOfMeasurePrice>3.80</UnitOfMeasurePrice>
      <AllowDiscount>1</AllowDiscount>
      <ItemStatus>0</ItemStatus>
    </Item>
    <Item>
      <PriceUpdateDate>2024-12-25 06:10</PriceUpdateDate>
      <ItemCode>7290004127862</ItemCode>
      <ItemType>1</ItemType>
      <ItemName>גבינה לבנה 5% 750 גרם</ItemName>
      <ManufacturerName>מחלבת אלון תבור</ManufacturerName>
      <ManufactureCountry>IL</ManufactureCountry>
      <ManufacturerItemDescription>גבינה לבנה 5%</ManufacturerItemDescription>
      <UnitQty>גרמים</UnitQty>
      <Quantity>750.00</Quantity>
      <bIsWeighted>0</bIsWeighted>
      <UnitOfMeasure>100 גרם</UnitOfMeasure>
      <QtyInPackage>0</QtyInPackage>
      <ItemPrice>17.04</ItemPrice>
      <UnitOfMeasurePrice>2.27</UnitOfMeasurePrice>
      <AllowDiscount>1</AllowDiscount>
      <ItemStatus>1</ItemStatus>
    </Item>
    <Item>
      <PriceUpdateDate>2024-12-25 06:20</PriceUpdateDate>
      <ItemCode>7290004135072</ItemCode>
      <ItemType>1</ItemType>
      <ItemName>מעדן קרלו מיני שוק100*8ג</ItemName>
      <ManufacturerName>מחלבת אלון תבור</ManufacturerName>
      <ManufactureCountry>IL</ManufactureCountry>
      <ManufacturerItemDescription>קרלו מיני 8 יח</ManufacturerItemDescription>
      <UnitQty>גרמים</UnitQty>
      <Quantity>800.00</Quantity>
      <bIsWeighted>0</bIsWeighted>
      <UnitOfMeasure>100 גרם</UnitOfMeasure>
      <QtyInPackage>0</QtyInPackage>
      <ItemPrice>15.90</ItemPrice>
      <UnitOfMeasurePrice>1.99</UnitOfMeasurePrice>
      <AllowDiscount>1</AllowDiscount>
      <ItemStatus>0</ItemStatus>
    </Item>
    <Item>
      <PriceUpdateDate>2024-12-25 06:20</PriceUpdateDate>
      <ItemCode>7290004136871</ItemCode>
      <ItemType>1</ItemType>
      <ItemName>מעדן ג'לי אפרסק+חתיכ125.</ItemName>
      <ManufacturerName>סוי מג'יק</ManufacturerName>
      <ManufactureCountry>IL</ManufactureCountry>
      <ManufacturerItemDescription>מעדן ג'לי אפרסק</ManufacturerItemDescription>
      <UnitQty>גרמים</UnitQty>
      <Quantity>125.00</Quantity>
      <bIsWeighted>0</bIsWeighted>
      <UnitOfMeasure>100 גרם</UnitOfMeasure>
      <QtyInPackage>0</QtyInPackage>
      <ItemPrice>3.70</ItemPrice>
      <UnitOfMeasurePrice>2.96</UnitOfMeasurePrice>
      <AllowDiscount>1</AllowDiscount>
      <ItemStatus>0</ItemStatus>
    </Item>
    <Item>
      <PriceUpdateDate>2024-12-25 06:30</PriceUpdateDate>
      <ItemCode>7290004170479</ItemCode>
      <ItemType>1</ItemType>
      <ItemName>באגט רוסטיק כפרי</ItemName>
      <ManufacturerName>גידרון תעשיות בע"מ</ManufacturerName>
      <ManufactureCountry>IL</ManufactureCountry>
      <ManufacturerItemDescription>באגט רוסטיק כפרי</ManufacturerItemDescription>
      <UnitQty>גרמים</UnitQty>
      <Quantity>280.00</Quantity>
      <bIsWeighted>0</bIsWeighted>
      <UnitOfMeasure>100 גרם</UnitOfMeasure>
      <QtyInPackage>1</QtyInPackage>
      <ItemPrice>10.00</ItemPrice>
      <UnitOfMeasurePrice>3.57</UnitOfMeasurePrice>
      <AllowDiscount>1</AllowDiscount>
      <ItemStatus>1</ItemStatus>
    </Item>
    <Item>
      <PriceUpdateDate>2024-12-25 06:10</PriceUpdateDate>
      <ItemCode>7290004494049</ItemCode>
      <ItemType>1</ItemType>
      <ItemName>דלתון גליל סו.בלאן 750 מ</ItemName>
      <ManufacturerName>יקב דלתון</ManufacturerName>
      <ManufactureCountry>IL</ManufactureCountry>
      <ManufacturerItemDescription>דלתון סו.בלאן</ManufacturerItemDescription>
      <UnitQty>מיליליטרים</UnitQty>
      <Quantity>750.00</Quantity>
      <bIsWeighted>0</bIsWeighted>
      <UnitOfMeasure>100 מ"ל</UnitOfMeasure>
      <QtyInPackage>1</QtyInPackage>
      <ItemPrice>71.90</ItemPrice>
      <UnitOfMeasurePrice>9.59</UnitOfMeasurePrice>
      <AllowDiscount>1</AllowDiscount>
      <ItemStatus>0</ItemStatus>
    </Item>
    <Item>
      <PriceUpdateDate>2024-12-25 06:20</PriceUpdateDate>
      <ItemCode>7290004494377</ItemCode>
      <ItemType>1</ItemType>
      <ItemName>דלתון גליל שיראז 750 מ"ל</ItemName>
      <ManufacturerName>יקב דלתון בע"\מ</ManufacturerName>
      <ManufactureCountry>IL</ManufactureCountry>
      <ManufacturerItemDescription>דלתון שיראז D</ManufacturerItemDescription>
      <UnitQty>מיליליטרים</UnitQty>
      <Quantity>750.00</Quantity>
      <bIsWeighted>0</bIsWeighted>
      <UnitOfMeasure>100 מ"ל</UnitOfMeasure>
      <QtyInPackage>0</QtyInPackage>
      <ItemPrice>71.90</ItemPrice>
      <UnitOfMeasurePrice>9.59</UnitOfMeasurePrice>
      <AllowDiscount>1</AllowDiscount>
      <ItemStatus>1</ItemStatus>
    </Item>
    <Item>
      <PriceUpdateDate>2024-12-25 06:30</PriceUpdateDate>
      <ItemCode>7290004645175</ItemCode>
      <ItemType>1</ItemType>
      <ItemName>טונה כהה פרוס עם עורקפוא</ItemName>
      <ManufacturerName>רוזנרס</ManufacturerName>
      <ManufactureCountry>VN</ManufactureCountry>
      <ManufacturerItemDescription>טונה כהה פרוס עם</ManufacturerItemDescription>
      <UnitQty>קילוגרמים</UnitQty>
      <Quantity>0.00</Quantity>
      <bIsWeighted>1</bIsWeighted>
      <UnitOfMeasure>ק"ג</UnitOfMeasure>
      <QtyInPackage>0</QtyInPackage>
      <ItemPrice>54.90</ItemPrice>
      <UnitOfMeasurePrice>54.90</UnitOfMeasurePrice>
      <AllowDiscount>1</AllowDiscount>
      <ItemStatus>1</ItemStatus>
    </Item>
    <Item>
      <PriceUpdateDate>2024-12-25 07:00</PriceUpdateDate>
      <ItemCode>7290004652180</ItemCode>
      <ItemType>1</ItemType>
      <ItemName>בשר טחוןטרי פרמיום מוכשר</ItemName>
      <ManufacturerName>פניסקו</ManufacturerName>
      <ManufactureCountry>AR</ManufactureCountry>
      <ManufacturerItemDescription>בשר טחון טרי פרמ</ManufacturerItemDescription>
      <UnitQty>קילוגרמים</UnitQty>
      <Quantity>0.00</Quantity>
      <bIsWeighted>1</bIsWeighted>
      <UnitOfMeasure>ק"ג</UnitOfMeasure>
      <QtyInPackage>1</QtyInPackage>
      <ItemPrice>69.90</ItemPrice>
      <UnitOfMeasurePrice>69.90</UnitOfMeasurePrice>
      <AllowDiscount>1</AllowDiscount>
      <ItemStatus>0</ItemStatus>
    </Item>
    <Item>
      <PriceUpdateDate>2024-12-25 07:00</PriceUpdateDate>
      <ItemCode>7290005079658</ItemCode>
      <ItemType>1</ItemType>
      <ItemName>נעם גב.צהובה 28% במשקל</ItemName>
      <ManufacturerName>טרה</ManufacturerName>
      <ManufactureCountry>IL</ManufactureCountry>
      <ManufacturerItemDescription>נעם גב.צהובה 28% במשקל</ManufacturerItemDescription>
      <UnitQty>קילוגרמים</UnitQty>
      <Quantity>0.00</Quantity>
      <bIsWeighted>1</bIsWeighted>
      <UnitOfMeasure>ק"ג</UnitOfMeasure>
      <QtyInPackage>1</QtyInPackage>
      <ItemPrice>51.14</ItemPrice>
      <UnitOfMeasurePrice>51.14</UnitOfMeasurePrice>
      <AllowDiscount>1</AllowDiscount>
      <ItemStatus>0</ItemStatus>
    </Item>
    <Item>
      <PriceUpdateDate>2024-12-25 07:00</PriceUpdateDate>
      <ItemCode>7290005079665</ItemCode>
      <ItemType>1</ItemType>
      <ItemName>נועם גב.צהובה9%חריץ משקל</ItemName>
      <ManufacturerName>טרה</ManufacturerName>
      <ManufactureCountry>IL</ManufactureCountry>
      <ManufacturerItemDescription>נועם גב.צהובה9%חריץ משקל</ManufacturerItemDescription>
      <UnitQty>קילוגרמים</UnitQty>
      <Quantity>0.00</Quantity>
      <bIsWeighted>1</bIsWeighted>
      <UnitOfMeasure>ק"ג</UnitOfMeasure>
      <QtyInPackage>1</QtyInPackage>
      <ItemPrice>83.00</ItemPrice>
      <UnitOfMeasurePrice>83.00</UnitOfMeasurePrice>
      <AllowDiscount>1</AllowDiscount>
      <ItemStatus>0</ItemStatus>
    </Item>
    <Item>
      <PriceUpdateDate>2024-12-25 07:00</PriceUpdateDate>
      <ItemCode>7290005079672</ItemCode>
      <ItemType>1</ItemType>
      <ItemName>ג.נעם צהובה22%חריץ משקל</ItemName>
      <ManufacturerName>טרה</ManufacturerName>
      <ManufactureCountry>IL</ManufactureCountry>
      <ManufacturerItemDescription>ג.נעם צהובה22%חריץ משקל</ManufacturerItemDescription>
      <UnitQty>קילוגרמים</UnitQty>
      <Quantity>0.00</Quantity>
      <bIsWeighted>1</bIsWeighted>
      <UnitOfMeasure>ק"ג</UnitOfMeasure>
      <QtyInPackage>1</QtyInPackage>
      <ItemPrice>48.62</ItemPrice>
      <UnitOfMeasurePrice>48.62</UnitOfMeasurePrice>
      <AllowDiscount>1</AllowDiscount>
      <ItemStatus>0</ItemStatus>
    </Item>
    <Item>
      <PriceUpdateDate>2024-12-25 06:10</PriceUpdateDate>
      <ItemCode>7290005423253</ItemCode>
      <ItemType>1</ItemType>
      <ItemName>מקסימה למייבש פרש 750מ"ל</ItemName>
      <ManufacturerName>סנו מפעלי ברונוס בע"\מ</ManufacturerName>
      <ManufactureCountry>IL</ManufactureCountry>
      <ManufacturerItemDescription>מקסימה למייבש</ManufacturerItemDescription>
      <UnitQty>מיליליטרים</UnitQty>
      <Quantity>750.00</Quantity>
      <bIsWeighted>0</bIsWeighted>
      <UnitOfMeasure>100 מ"ל</UnitOfMeasure>
      <QtyInPackage>0</QtyInPackage>
      <ItemPrice>18.70</ItemPrice>
      <UnitOfMeasurePrice>2.49</UnitOfMeasurePrice>
      <AllowDiscount>1</AllowDiscount>
      <ItemStatus>1</ItemStatus>
    </Item>
    <Item>
      <PriceUpdateDate>2024-12-25 06:10</PriceUpdateDate>
      <ItemCode>7290005424762</ItemCode>
      <ItemType>1</ItemType>
      <ItemName>ריצפז+דוחה תיקנים+ווקס2ל</ItemName>
      <ManufacturerName>סנו מפעלי ברונוס בע"\מ</ManufacturerName>
      <ManufactureCountry>IL</ManufactureCountry>
      <ManufacturerItemDescription>ריצפז פלוס+ווקס</ManufacturerItemDescription>
      <UnitQty>ליטרים</UnitQty>
      <Quantity>2.00</Quantity>
      <bIsWeighted>0</bIsWeighted>
      <UnitOfMeasure>ליטר</UnitOfMeasure>
      <QtyInPackage>0</QtyInPackage>
      <ItemPrice>28.70</ItemPrice>
      <UnitOfMeasurePrice>14.35</UnitOfMeasurePrice>
      <AllowDiscount>1</AllowDiscount>
      <ItemStatus>0</ItemStatus>
    </Item>
    <Item>
      <PriceUpdateDate>2024-12-25 06:10</PriceUpdateDate>
      <ItemCode>7290005430602</ItemCode>
      <ItemType>1</ItemType>
      <ItemName>אוקסיג'ן מ.כתמים</ItemName>
      <ManufacturerName />
      <ManufactureCountry>IL</ManufactureCountry>
      <ManufacturerItemDescription>אוקסיג'ן מ.כתמים</ManufacturerItemDescription>
      <UnitQty>מיליליטרים</UnitQty>
      <Quantity>750.00</Quantity>
      <bIsWeighted>0</bIsWeighted>
      <UnitOfMeasure>100 מ"ל</UnitOfMeasure>
      <QtyInPackage>0</QtyInPackage>
      <ItemPrice>19.90</ItemPrice>
      <UnitOfMeasurePrice>2.65</UnitOfMeasurePrice>
      <AllowDiscount>1</AllowDiscount>
      <ItemStatus>1</ItemStatus>
    </Item>
    <Item>
      <PriceUpdateDate>2024-12-25 06:40</PriceUpdateDate>
      <ItemCode>7290005431920</ItemCode>
      <ItemType>1</ItemType>
      <ItemName>עוגת גב.פירורים לייט78גר</ItemName>
      <ManufacturerName>עדן קינוחים</ManufacturerName>
      <ManufactureCountry>IL</ManufactureCountry>
      <ManufacturerItemDescription>עוגת גבינה</ManufacturerItemDescription>
      <UnitQty>גרמים</UnitQty>
      <Quantity>78.00</Quantity>
      <bIsWeighted>0</bIsWeighted>
      <UnitOfMeasure>100 גרם</UnitOfMeasure>
      <QtyInPackage>1</QtyInPackage>
      <ItemPrice>8.90</ItemPrice>
      <UnitOfMeasurePrice>11.41</UnitOfMeasurePrice>
      <AllowDiscount>1</AllowDiscount>
      <ItemStatus>1</ItemStatus>
    </Item>
    <Item>
      <PriceUpdateDate>2024-12-25 12:16</PriceUpdateDate>
      <ItemCode>7290005477690</ItemCode>
      <ItemType>1</ItemType>
      <ItemName>טיטניום אדט 100 מ"ל</ItemName>
      <ManufacturerName>קרליין</ManufacturerName>
      <ManufactureCountry>IL</ManufactureCountry>
      <ManufacturerItemDescription>טיטניום אדט</ManufacturerItemDescription>
      <UnitQty>מיליליטרים</UnitQty>
      <Quantity>100.00</Quantity>
      <bIsWeighted>0</bIsWeighted>
      <UnitOfMeasure>100 מ"ל</UnitOfMeasure>
      <QtyInPackage>0</QtyInPackage>
      <ItemPrice>79.90</ItemPrice>
      <UnitOfMeasurePrice>79.90</UnitOfMeasurePrice>
      <AllowDiscount>1</AllowDiscount>
      <ItemStatus>1</ItemStatus>
    </Item>
    <Item>
      <PriceUpdateDate>2024-12-25 12:17</PriceUpdateDate>
      <ItemCode>7290005587825</ItemCode>
      <ItemType>1</ItemType>
      <ItemName>מסיר איפור עמיד במים125מ</ItemName>
      <ManufacturerName>קרלסרו, גרמניה</ManufacturerName>
      <ManufactureCountry>DE</ManufactureCountry>
      <ManufacturerItemDescription>מסיר איפור עמיד במים125מ</ManufacturerItemDescription>
      <UnitQty>מיליליטרים</UnitQty>
      <Quantity>125.00</Quantity>
      <bIsWeighted>0</bIsWeighted>
      <UnitOfMeasure>100 מ"ל</UnitOfMeasure>
      <QtyInPackage>0</QtyInPackage>
      <ItemPrice>32.90</ItemPrice>
      <UnitOfMeasurePrice>26.32</UnitOfMeasurePrice>
      <AllowDiscount>1</AllowDiscount>
      <ItemStatus>1</ItemStatus>
    </Item>
    <Item>
      <PriceUpdateDate>2024-12-25 06:10</PriceUpdateDate>
      <ItemCode>7290006185501</ItemCode>
      <ItemType>1</ItemType>
      <ItemName>סבון נוזלי פנינה ורוד 1ל</ItemName>
      <ManufacturerName>סאסא קוסמטיקס</ManufacturerName>
      <ManufactureCountry>IL</ManufactureCountry>
      <ManufacturerItemDescription>סבון נוזלי ורוד</ManufacturerItemDescription>
      <UnitQty>ליטרים</UnitQty>
      <Quantity>1.00</Quantity>
      <bIsWeighted>0</bIsWeighted>
      <UnitOfMeasure>ליטר</UnitOfMeasure>
      <QtyInPackage>0</QtyInPackage>
      <ItemPrice>11.90</ItemPrice>
      <UnitOfMeasurePrice>11.90</UnitOfMeasurePrice>
      <AllowDiscount>1</AllowDiscount>
      <ItemStatus>0</ItemStatus>
    </Item>
    <Item>
      <PriceUpdateDate>2024-12-25 06:10</PriceUpdateDate>
      <ItemCode>7290006251282</ItemCode>
      <ItemType>1</ItemType>
      <ItemName>חליטת קרנברי ג.קסום25ש3*</ItemName>
      <ManufacturerName>ויסוצקי</ManufacturerName>
      <ManufactureCountry>IL</ManufactureCountry>
      <ManufacturerItemDescription>חליטת חמוציות</ManufacturerItemDescription>
      <UnitQty>גרמים</UnitQty>
      <Quantity>75.00</Quantity>
      <bIsWeighted>0</bIsWeighted>
      <UnitOfMeasure>100 גרם</UnitOfMeasure>
      <QtyInPackage>0</QtyInPackage>
      <ItemPrice>22.90</ItemPrice>
      <UnitOfMeasurePrice>30.53</UnitOfMeasurePrice>
      <AllowDiscount>1</AllowDiscount>
      <ItemStatus>0</ItemStatus>
    </Item>
    <Item>
      <PriceUpdateDate>2024-12-25 06:20</PriceUpdateDate>
      <ItemCode>7290006306319</ItemCode>
      <ItemType>1</ItemType>
      <ItemName>רביולי בטטה 400 גרם</ItemName>
      <ManufacturerName>דורום תעשיות מזון ופסטה</ManufacturerName>
      <ManufactureCountry>IL</ManufactureCountry>
      <ManufacturerItemDescription>רביולי בטטה 400 גרם</ManufacturerItemDescription>
      <UnitQty>גרמים</UnitQty>
      <Quantity>400.00</Quantity>
      <bIsWeighted>0</bIsWeighted>
      <UnitOfMeasure>100 גרם</UnitOfMeasure>
      <QtyInPackage>0</QtyInPackage>
      <ItemPrice>29.90</ItemPrice>
      <UnitOfMeasurePrice>7.48</UnitOfMeasurePrice>
      <AllowDiscount>1</AllowDiscount>
      <ItemStatus>0</ItemStatus>
    </Item>
    <Item>
      <PriceUpdateDate>2024-12-25 06:10</PriceUpdateDate>
      <ItemCode>7290006342515</ItemCode>
      <ItemType>1</ItemType>
      <ItemName>תערובת מנצ'ס 170 גרם</ItemName>
      <ManufacturerName>דין שיווק וקלייה בעמ</ManufacturerName>
      <ManufactureCountry>IL</ManufactureCountry>
      <ManufacturerItemDescription>תערובת מנצס 170 גרם</ManufacturerItemDescription>
      <UnitQty>גרמים</UnitQty>
      <Quantity>170.00</Quantity>
      <bIsWeighted>0</bIsWeighted>
      <UnitOfMeasure>100 גרם</UnitOfMeasure>
      <QtyInPackage>0</QtyInPackage>
      <ItemPrice>10.90</ItemPrice>
      <UnitOfMeasurePrice>6.41</UnitOfMeasurePrice>
      <AllowDiscount>1</AllowDiscount>
      <ItemStatus>1</ItemStatus>
    </Item>
    <Item>
      <PriceUpdateDate>2024-12-25 09:30</PriceUpdateDate>
      <ItemCode>7290006451415</ItemCode>
      <ItemType>1</ItemType>
      <ItemName>מיני רוגלך פסטוק ארוז .</ItemName>
      <ManufacturerName>גידרון תעשיות בע"מ</ManufacturerName>
      <ManufactureCountry>IL</ManufactureCountry>
      <ManufacturerItemDescription>מיני רוגלך</ManufacturerItemDescription>
      <UnitQty>יחידה</UnitQty>
      <Quantity>1.00</Quantity>
      <bIsWeighted>0</bIsWeighted>
      <UnitOfMeasure>יחידה</UnitOfMeasure>
      <QtyInPackage>1</QtyInPackage>
      <ItemPrice>19.90</ItemPrice>
      <UnitOfMeasurePrice>19.90</UnitOfMeasurePrice>
      <AllowDiscount>1</AllowDiscount>
      <ItemStatus>1</ItemStatus>
    </Item>
    <Item>
      <PriceUpdateDate>2024-12-25 06:30</PriceUpdateDate>
      <ItemCode>7290006459077</ItemCode>
      <ItemType>1</ItemType>
      <ItemName>חלבה רגילה קסטה עדן משקל</ItemName>
      <ManufacturerName>עדן</ManufacturerName>
      <ManufactureCountry>IL</ManufactureCountry>
      <ManufacturerItemDescription>חלבה קסטה עדן</ManufacturerItemDescription>
      <UnitQty>קילוגרמים</UnitQty>
      <Quantity>0.00</Quantity>
      <bIsWeighted>1</bIsWeighted>
      <UnitOfMeasure>ק"ג</UnitOfMeasure>
      <QtyInPackage>1</QtyInPackage>
      <ItemPrice>55.00</ItemPrice>
      <UnitOfMeasurePrice>55.00</UnitOfMeasurePrice>
      <AllowDiscount>1</AllowDiscount>
      <ItemStatus>0</ItemStatus>
    </Item>
    <Item>
      <PriceUpdateDate>2024-12-25 06:10</PriceUpdateDate>
      <ItemCode>7290006567048</ItemCode>
      <ItemType>1</ItemType>
      <ItemName>פתיתי קוסקוס 350 גרם</ItemName>
      <ManufacturerName>קוסקוס מזון</ManufacturerName>
      <ManufactureCountry>IL</ManufactureCountry>
      <ManufacturerItemDescription>פתיתי קוסקוס 350 גרם</ManufacturerItemDescription>
      <UnitQty>גרמים</UnitQty>
      <Quantity>350.00</Quantity>
      <bIsWeighted>0</bIsWeighted>
      <UnitOfMeasure>100 גרם</UnitOfMeasure>
      <QtyInPackage>0</QtyInPackage>
      <ItemPrice>9.90</ItemPrice>
      <UnitOfMeasurePrice>2.83</UnitOfMeasurePrice>
      <AllowDiscount>1</AllowDiscount>
      <ItemStatus>0</ItemStatus>
    </Item>
    <Item>
      <PriceUpdateDate>2024-12-25 06:10</PriceUpdateDate>
      <ItemCode>7290006712981</ItemCode>
      <ItemType>1</ItemType>
      <ItemName>קולגיט משחת ילדים+6באט50</ItemName>
      <ManufacturerName>קולגייט-פלמוליב</ManufacturerName>
      <ManufactureCountry>PL</ManufactureCountry>
      <ManufacturerItemDescription>קולגיט ילדים+6</ManufacturerItemDescription>
      <UnitQty>מיליליטרים</UnitQty>
      <Quantity>50.00</Quantity>
      <bIsWeighted>0</bIsWeighted>
      <UnitOfMeasure>100 מ"ל</UnitOfMeasure>
      <QtyInPackage>0</QtyInPackage>
      <ItemPrice>14.90</ItemPrice>
      <UnitOfMeasurePrice>29.80</UnitOfMeasurePrice>
      <AllowDiscount>1</AllowDiscount>
      <ItemStatus>0</ItemStatus>
    </Item>
    <Item>
      <PriceUpdateDate>2024-12-25 07:00</PriceUpdateDate>
      <ItemCode>7290006724786</ItemCode>
      <ItemType>1</ItemType>
      <ItemName>ממרח פלפלים קלויים 185 ג</ItemName>
      <ManufacturerName>נני</ManufacturerName>
      <ManufactureCountry>IL</ManufactureCountry>
      <ManufacturerItemDescription>ממרח פלפלים קלויים 185 ג</ManufacturerItemDescription>
      <UnitQty>גרמים</UnitQty>
      <Quantity>185.00</Quantity>
      <bIsWeighted>0</bIsWeighted>
      <UnitOfMeasure>100 גרם</UnitOfMeasure>
      <QtyInPackage>1</QtyInPackage>
      <ItemPrice>20.90</ItemPrice>
      <UnitOfMeasurePrice>11.30</UnitOfMeasurePrice>
      <AllowDiscount>1</AllowDiscount>
      <ItemStatus>1</ItemStatus>
    </Item>
    <Item>
      <PriceUpdateDate>2024-12-25 12:16</PriceUpdateDate>
      <ItemCode>7290006788269</ItemCode>
      <ItemType>1</ItemType>
      <ItemName>PERFECT CARE סרום למיצוק</ItemName>
      <ManufacturerName>קרליין</ManufacturerName>
      <ManufactureCountry>IL</ManufactureCountry>
      <ManufacturerItemDescription>סרום למיצוק</ManufacturerItemDescription>
      <UnitQty>מיליליטרים</UnitQty>
      <Quantity>30.00</Quantity>
      <bIsWeighted>0</bIsWeighted>
      <UnitOfMeasure>100 מ"ל</UnitOfMeasure>
      <QtyInPackage>0</QtyInPackage>
      <ItemPrice>101.00</ItemPrice>
      <UnitOfMeasurePrice>336.67</UnitOfMeasurePrice>
      <AllowDiscount>1</AllowDiscount>
      <ItemStatus>1</ItemStatus>
    </Item>
    <Item>
      <PriceUpdateDate>2024-12-25 06:50</PriceUpdateDate>
      <ItemCode>7290008255479</ItemCode>
      <ItemType>1</ItemType>
      <ItemName>סלמון נורבגי טרי</ItemName>
      <ManufacturerName />
      <ManufactureCountry />
      <ManufacturerItemDescription>סלמון נורבגי טרי</ManufacturerItemDescription>
      <UnitQty>קילוגרמים</UnitQty>
      <Quantity>0.00</Quantity>
      <bIsWeighted>1</bIsWeighted>
      <UnitOfMeasure>ק"ג</UnitOfMeasure>
      <QtyInPackage>0</QtyInPackage>
      <ItemPrice>109.90</ItemPrice>
      <UnitOfMeasurePrice>109.90</UnitOfMeasurePrice>
      <AllowDiscount>1</AllowDiscount>
      <ItemStatus>1</ItemStatus>
    </Item>
    <Item>
      <PriceUpdateDate>2024-12-25 06:10</PriceUpdateDate>
      <ItemCode>7290008263764</ItemCode>
      <ItemType>1</ItemType>
      <ItemName>פוזילי טריקולור 500 גרם</ItemName>
      <ManufacturerName>הרדוף</ManufacturerName>
      <ManufactureCountry>IT</ManufactureCountry>
      <ManufacturerItemDescription>פוזילי אורגני</ManufacturerItemDescription>
      <UnitQty>גרמים</UnitQty>
      <Quantity>500.00</Quantity>
      <bIsWeighted>0</bIsWeighted>
      <UnitOfMeasure>100 גרם</UnitOfMeasure>
      <QtyInPackage>0</QtyInPackage>
      <ItemPrice>17.90</ItemPrice>
      <UnitOfMeasurePrice>3.58</UnitOfMeasurePrice>
      <AllowDiscount>1</AllowDiscount>
      <ItemStatus>0</ItemStatus>
    </Item>
    <Item>
      <PriceUpdateDate>2024-12-25 07:00</PriceUpdateDate>
      <ItemCode>7290008350495</ItemCode>
      <ItemType>1</ItemType>
      <ItemName>כדור מוצרלה 18% 100 גרם</ItemName>
      <ManufacturerName>קאזייפיצ'ו פוגליאזה פ.ל.</ManufacturerName>
      <ManufactureCountry>IT</ManufactureCountry>
      <ManufacturerItemDescription>כדור מוצרלה</ManufacturerItemDescription>
      <UnitQty>גרמים</UnitQty>
      <Quantity>100.00</Quantity>
      <bIsWeighted>0</bIsWeighted>
      <UnitOfMeasure>100 גרם</UnitOfMeasure>
      <QtyInPackage>1</QtyInPackage>
      <ItemPrice>10.90</ItemPrice>
      <UnitOfMeasurePrice>10.90</UnitOfMeasurePrice>
      <AllowDiscount>1</AllowDiscount>
      <ItemStatus>0</ItemStatus>
    </Item>
    <Item>
      <PriceUpdateDate>2024-12-25 06:10</PriceUpdateDate>
      <ItemCode>7290008443616</ItemCode>
      <ItemType>1</ItemType>
      <ItemName>מרכך נקה 7 לשיר יבש 750מ</ItemName>
      <ManufacturerName>טרופיקל דגיל תעשיות קוסמ</ManufacturerName>
      <ManufactureCountry>IL</ManufactureCountry>
      <ManufacturerItemDescription>קונדישנר נקה 7</ManufacturerItemDescription>
      <UnitQty>מיליליטרים</UnitQty>
      <Quantity>750.00</Quantity>
      <bIsWeighted>0</bIsWeighted>
      <UnitOfMeasure>100 מ"ל</UnitOfMeasure>
      <QtyInPackage>0</QtyInPackage>
      <ItemPrice>12.90</ItemPrice>
      <UnitOfMeasurePrice>1.72</UnitOfMeasurePrice>
      <AllowDiscount>1</AllowDiscount>
      <ItemStatus>1</ItemStatus>
    </Item>
    <Item>
      <PriceUpdateDate>2024-12-25 06:30</PriceUpdateDate>
      <ItemCode>7290008464024</ItemCode>
      <ItemType>1</ItemType>
      <ItemName>גולדסטאר בפחית</ItemName>
      <ManufacturerName />
      <ManufactureCountry>IL</ManufactureCountry>
      <ManufacturerItemDescription>גולדסטאר בפחית</ManufacturerItemDescription>
      <UnitQty>מיליליטרים</UnitQty>
      <Quantity>500.00</Quantity>
      <bIsWeighted>0</bIsWeighted>
      <UnitOfMeasure>100 מ"ל</UnitOfMeasure>
      <QtyInPackage>0</QtyInPackage>
      <ItemPrice>11.90</ItemPrice>
      <UnitOfMeasurePrice>2.38</UnitOfMeasurePrice>
      <AllowDiscount>1</AllowDiscount>
      <ItemStatus>1</ItemStatus>
    </Item>
    <Item>
      <PriceUpdateDate>2024-12-25 06:10</PriceUpdateDate>
      <ItemCode>7290008713016</ItemCode>
      <ItemType>1</ItemType>
      <ItemName>לחם שבעה דגנים קל 500גרם</ItemName>
      <ManufacturerName>מאפיית שלמה א. אנג'\ל בע</ManufacturerName>
      <ManufactureCountry>IL</ManufactureCountry>
      <ManufacturerItemDescription>לחם שבעה דגנים</ManufacturerItemDescription>
      <UnitQty>גרמים</UnitQty>
      <Quantity>500.00</Quantity>
      <bIsWeighted>0</bIsWeighted>
      <UnitOfMeasure>100 גרם</UnitOfMeasure>
      <QtyInPackage>0</QtyInPackage>
      <ItemPrice>18.50</ItemPrice>
      <UnitOfMeasurePrice>3.70</UnitOfMeasurePrice>
      <AllowDiscount>1</AllowDiscount>
      <ItemStatus>1</ItemStatus>
    </Item>
    <Item>
      <PriceUpdateDate>2024-12-25 06:20</PriceUpdateDate>
      <ItemCode>7290008754415</ItemCode>
      <ItemType>1</ItemType>
      <ItemName>מאסט LL עדין ספירמינט28ג</ItemName>
      <ManufacturerName>שטראוס גרופ בע"\מ</ManufacturerName>
      <ManufactureCountry>DE</ManufactureCountry>
      <ManufacturerItemDescription>מסטיק מאסט LL</ManufacturerItemDescription>
      <UnitQty>גרמים</UnitQty>
      <Quantity>28.00</Quantity>
      <bIsWeighted>0</bIsWeighted>
      <UnitOfMeasure>100 גרם</UnitOfMeasure>
      <QtyInPackage>0</QtyInPackage>
      <ItemPrice>4.90</ItemPrice>
      <UnitOfMeasurePrice>17.50</UnitOfMeasurePrice>
      <AllowDiscount>1</AllowDiscount>
      <ItemStatus>1</ItemStatus>
    </Item>
    <Item>
      <PriceUpdateDate>2024-12-25 06:10</PriceUpdateDate>
      <ItemCode>7290008801850</ItemCode>
      <ItemType>1</ItemType>
      <ItemName>אמרלד ריזלינג סלקטד750מל</ItemName>
      <ManufacturerName>אגודת הכורמים הקואופרטיב</ManufacturerName>
      <ManufactureCountry>IL</ManufactureCountry>
      <ManufacturerItemDescription>אמרלד ריזלינג</ManufacturerItemDescription>
      <UnitQty>מיליליטרים</UnitQty>
      <Quantity>750.00</Quantity>
      <bIsWeighted>0</bIsWeighted>
      <UnitOfMeasure>100 מ"ל</UnitOfMeasure>
      <QtyInPackage>0</QtyInPackage>
      <ItemPrice>32.90</ItemPrice>
      <UnitOfMeasurePrice>4.39</UnitOfMeasurePrice>
      <AllowDiscount>1</AllowDiscount>
      <ItemStatus>1</ItemStatus>
    </Item>
    <Item>
      <PriceUpdateDate>2024-12-25 07:00</PriceUpdateDate>
      <ItemCode>7290009137064</ItemCode>
      <ItemType>0</ItemType>
      <ItemName>מארז פלפל כתום אורגני</ItemName>
      <ManufacturerName>כללי</ManufacturerName>
      <ManufactureCountry>IL</ManufactureCountry>
      <ManufacturerItemDescription>מארז פלפל כתום</ManufacturerItemDescription>
      <UnitQty>קילוגרמים</UnitQty>
      <Quantity>0.00</Quantity>
      <bIsWeighted>1</bIsWeighted>
      <UnitOfMeasure>ק"ג</UnitOfMeasure>
      <QtyInPackage>1</QtyInPackage>
      <ItemPrice>19.90</ItemPrice>
      <UnitOfMeasurePrice>19.90</UnitOfMeasurePrice>
      <AllowDiscount>1</AllowDiscount>
      <ItemStatus>0</ItemStatus>
    </Item>
    <Item>
      <PriceUpdateDate>2024-12-25 12:14</PriceUpdateDate>
      <ItemCode>7290009138955</ItemCode>
      <ItemType>0</ItemType>
      <ItemName>גב.פרמזן 30% מגורד משקל</ItemName>
      <ManufacturerName>אמברוסי</ManufacturerName>
      <ManufactureCountry>IT</ManufactureCountry>
      <ManufacturerItemDescription>גב.פרמזן מגורדת</ManufacturerItemDescription>
      <UnitQty>קילוגרמים</UnitQty>
      <Quantity>0.00</Quantity>
      <bIsWeighted>1</bIsWeighted>
      <UnitOfMeasure>ק"ג</UnitOfMeasure>
      <QtyInPackage>1</QtyInPackage>
      <ItemPrice>115.00</ItemPrice>
      <UnitOfMeasurePrice>115.00</UnitOfMeasurePrice>
      <AllowDiscount>1</AllowDiscount>
      <ItemStatus>1</ItemStatus>
    </Item>
    <Item>
      <PriceUpdateDate>2024-12-25 12:14</PriceUpdateDate>
      <ItemCode>7290009149081</ItemCode>
      <ItemType>0</ItemType>
      <ItemName>גאודה בתוספת חילבה משקל</ItemName>
      <ManufacturerName>VANDERSTERRE</ManufacturerName>
      <ManufactureCountry>NL</ManufactureCountry>
      <ManufacturerItemDescription>גבינת גאודה</ManufacturerItemDescription>
      <UnitQty>קילוגרמים</UnitQty>
      <Quantity>0.00</Quantity>
      <bIsWeighted>1</bIsWeighted>
      <UnitOfMeasure>ק"ג</UnitOfMeasure>
      <QtyInPackage>1</QtyInPackage>
      <ItemPrice>142.00</ItemPrice>
      <UnitOfMeasurePrice>142.00</UnitOfMeasurePrice>
      <AllowDiscount>1</AllowDiscount>
      <ItemStatus>1</ItemStatus>
    </Item>
    <Item>
      <PriceUpdateDate>2024-12-25 09:30</PriceUpdateDate>
      <ItemCode>7290009401912</ItemCode>
      <ItemType>0</ItemType>
      <ItemName>מארז פרצלס 3יח</ItemName>
      <ManufacturerName>גידרון תעשיות בע"מ</ManufacturerName>
      <ManufactureCountry />
      <ManufacturerItemDescription>מארז פרצלס</ManufacturerItemDescription>
      <UnitQty>יחידה</UnitQty>
      <Quantity>1.00</Quantity>
      <bIsWeighted>0</bIsWeighted>
      <UnitOfMeasure>יחידה</UnitOfMeasure>
      <QtyInPackage>0</QtyInPackage>
      <ItemPrice>13.90</ItemPrice>
      <UnitOfMeasurePrice>13.90</UnitOfMeasurePrice>
      <AllowDiscount>1</AllowDiscount>
      <ItemStatus>1</ItemStatus>
    </Item>
    <Item>
      <PriceUpdateDate>2024-12-25 09:30</PriceUpdateDate>
      <ItemCode>7290009952339</ItemCode>
      <ItemType>0</ItemType>
      <ItemName>מארז8 לחמניות אצבע יח</ItemName>
      <ManufacturerName>גידרון תעשיות בע"מ</ManufacturerName>
      <ManufactureCountry>IL</ManufactureCountry>
      <ManufacturerItemDescription>לחמניה אצבע 8יח</ManufacturerItemDescription>
      <UnitQty>יחידה</UnitQty>
      <Quantity>1.00</Quantity>
      <bIsWeighted>0</bIsWeighted>
      <UnitOfMeasure>יחידה</UnitOfMeasure>
      <QtyInPackage>0</QtyInPackage>
      <ItemPrice>11.90</ItemPrice>
      <UnitOfMeasurePrice>11.90</UnitOfMeasurePrice>
      <AllowDiscount>1</AllowDiscount>
      <ItemStatus>1</ItemStatus>
    </Item>
    <Item>
      <PriceUpdateDate>2024-12-25 06:30</PriceUpdateDate>
      <ItemCode>7290009956146</ItemCode>
      <ItemType>0</ItemType>
      <ItemName>פסטו ירוק הולנד32% במשקל</ItemName>
      <ManufacturerName>ROUVEEN</ManufacturerName>
      <ManufactureCountry>NL</ManufactureCountry>
      <ManufacturerItemDescription>גבינת פסטו</ManufacturerItemDescription>
      <UnitQty>קילוגרמים</UnitQty>
      <Quantity>0.00</Quantity>
      <bIsWeighted>1</bIsWeighted>
      <UnitOfMeasure>ק"ג</UnitOfMeasure>
      <QtyInPackage>1</QtyInPackage>
      <ItemPrice>142.00</ItemPrice>
      <UnitOfMeasurePrice>142.00</UnitOfMeasurePrice>
      <AllowDiscount>1</AllowDiscount>
      <ItemStatus>0</ItemStatus>
    </Item>
    <Item>
      <PriceUpdateDate>2024-12-25 12:14</PriceUpdateDate>
      <ItemCode>7290009956184</ItemCode>
      <ItemType>0</ItemType>
      <ItemName>גאודה עגבנ+זיתים32% משקל</ItemName>
      <ManufacturerName>ROUVEEN</ManufacturerName>
      <ManufactureCountry>NL</ManufactureCountry>
      <ManufacturerItemDescription>גבינת גאודה</ManufacturerItemDescription>
      <UnitQty>קילוגרמים</UnitQty>
      <Quantity>0.00</Quantity>
      <bIsWeighted>1</bIsWeighted>
      <UnitOfMeasure>ק"ג</UnitOfMeasure>
      <QtyInPackage>1</QtyInPackage>
      <ItemPrice>142.00</ItemPrice>
      <UnitOfMeasurePrice>142.00</UnitOfMeasurePrice>
      <AllowDiscount>1</AllowDiscount>
      <ItemStatus>1</ItemStatus>
    </Item>
    <Item>
      <PriceUpdateDate>2024-12-25 12:14</PriceUpdateDate>
      <ItemCode>7290009957228</ItemCode>
      <ItemType>0</ItemType>
      <ItemName>גבינת גאודה 34% במשקל</ItemName>
      <ManufacturerName>B.V KAAS HAZELEGER</ManufacturerName>
      <ManufactureCountry>NL</ManufactureCountry>
      <ManufacturerItemDescription>גבינת גאודה</ManufacturerItemDescription>
      <UnitQty>קילוגרמים</UnitQty>
      <Quantity>0.00</Quantity>
      <bIsWeighted>1</bIsWeighted>
      <UnitOfMeasure>ק"ג</UnitOfMeasure>
      <QtyInPackage>1</QtyInPackage>
      <ItemPrice>110.00</ItemPrice>
      <UnitOfMeasurePrice>110.00</UnitOfMeasurePrice>
      <AllowDiscount>1</AllowDiscount>
      <ItemStatus>1</ItemStatus>
    </Item>
    <Item>
      <PriceUpdateDate>2024-12-25 12:14</PriceUpdateDate>
      <ItemCode>7290009957341</ItemCode>
      <ItemType>0</ItemType>
      <ItemName>גבינת פרמזן30%משקל שופרס</ItemName>
      <ManufacturerName>אמברוסי</ManufacturerName>
      <ManufactureCountry>IT</ManufactureCountry>
      <ManufacturerItemDescription>גבינת פרמזן</ManufacturerItemDescription>
      <UnitQty>קילוגרמים</UnitQty>
      <Quantity>0.00</Quantity>
      <bIsWeighted>1</bIsWeighted>
      <UnitOfMeasure>ק"ג</UnitOfMeasure>
      <QtyInPackage>1</QtyInPackage>
      <ItemPrice>115.00</ItemPrice>
      <UnitOfMeasurePrice>115.00</UnitOfMeasurePrice>
      <AllowDiscount>1</AllowDiscount>
      <ItemStatus>1</ItemStatus>
    </Item>
    <Item>
      <PriceUpdateDate>2024-12-25 07:00</PriceUpdateDate>
      <ItemCode>7290009957358</ItemCode>
      <ItemType>0</ItemType>
      <ItemName>גרנו פדנו שופרסל 29%משקל</ItemName>
      <ManufacturerName>אמברוסי</ManufacturerName>
      <ManufactureCountry>IT</ManufactureCountry>
      <ManufacturerItemDescription>גרנו פדנו שופרסל 29%משקל</ManufacturerItemDescription>
      <UnitQty>קילוגרמים</UnitQty>
      <Quantity>0.00</Quantity>
      <bIsWeighted>1</bIsWeighted>
      <UnitOfMeasure>ק"ג</UnitOfMeasure>
      <QtyInPackage>1</QtyInPackage>
      <ItemPrice>125.00</ItemPrice>
      <UnitOfMeasurePrice>125.00</UnitOfMeasurePrice>
      <AllowDiscount>1</AllowDiscount>
      <ItemStatus>0</ItemStatus>
    </Item>
    <Item>
      <PriceUpdateDate>2024-12-25 12:14</PriceUpdateDate>
      <ItemCode>7290009957891</ItemCode>
      <ItemType>0</ItemType>
      <ItemName>גאודה פסטו ירוק 34% משקל</ItemName>
      <ManufacturerName>הנרי ויליך</ManufacturerName>
      <ManufactureCountry>NL</ManufactureCountry>
      <ManufacturerItemDescription>גאודה פסטו ירוק</ManufacturerItemDescription>
      <UnitQty>קילוגרמים</UnitQty>
      <Quantity>0.00</Quantity>
      <bIsWeighted>1</bIsWeighted>
      <UnitOfMeasure>ק"ג</UnitOfMeasure>
      <QtyInPackage>1</QtyInPackage>
      <ItemPrice>142.00</ItemPrice>
      <UnitOfMeasurePrice>142.00</UnitOfMeasurePrice>
      <AllowDiscount>1</AllowDiscount>
      <ItemStatus>1</ItemStatus>
    </Item>
    <Item>
      <PriceUpdateDate>2024-12-25 06:10</PriceUpdateDate>
      <ItemCode>7290010002078</ItemCode>
      <ItemType>1</ItemType>
      <ItemName>פלפל שחור טחון 100 גרם</ItemName>
      <ManufacturerName>א.ל ייצור ושיווק תבלינים</ManufacturerName>
      <ManufactureCountry>IL</ManufactureCountry>
      <ManufacturerItemDescription>פלפל שחור טחון 100 גרם</ManufacturerItemDescription>
      <UnitQty>גרמים</UnitQty>
      <Quantity>100.00</Quantity>
      <bIsWeighted>0</bIsWeighted>
      <UnitOfMeasure>100 גרם</UnitOfMeasure>
      <QtyInPackage>0</QtyInPackage>
      <ItemPrice>18.20</ItemPrice>
      <UnitOfMeasurePrice>18.20</UnitOfMeasurePrice>
      <AllowDiscount>1</AllowDiscount>
      <ItemStatus>1</ItemStatus>
    </Item>
    <Item>
      <PriceUpdateDate>2024-12-25 06:10</PriceUpdateDate>
      <ItemCode>7290010002092</ItemCode>
      <ItemType>1</ItemType>
      <ItemName>פלפל שחור גרוס דק 90 גרם</ItemName>
      <ManufacturerName>א.ל ייצור ושיווק תבלינים</ManufacturerName>
      <ManufactureCountry>IL</ManufactureCountry>
      <ManufacturerItemDescription>פלפל שחור גרוס</ManufacturerItemDescription>
      <UnitQty>גרמים</UnitQty>
      <Quantity>90.00</Quantity>
      <bIsWeighted>0</bIsWeighted>
      <UnitOfMeasure>100 גרם</UnitOfMeasure>
      <QtyInPackage>0</QtyInPackage>
      <ItemPrice>18.20</ItemPrice>
      <UnitOfMeasurePrice>20.22</UnitOfMeasurePrice>
      <AllowDiscount>1</AllowDiscount>
      <ItemStatus>1</ItemStatus>
    </Item>
    <Item>
      <PriceUpdateDate>2024-12-25 06:10</PriceUpdateDate>
      <ItemCode>7290010002207</ItemCode>
      <ItemType>1</ItemType>
      <ItemName>קינמון טחון 100 גרם</ItemName>
      <ManufacturerName>א.ל ייצור ושיווק תבלינים</ManufacturerName>
      <ManufactureCountry>IL</ManufactureCountry>
      <ManufacturerItemDescription>קינמון טחון 100 גרם</ManufacturerItemDescription>
      <UnitQty>גרמים</UnitQty>
      <Quantity>100.00</Quantity>
      <bIsWeighted>0</bIsWeighted>
      <UnitOfMeasure>100 גרם</UnitOfMeasure>
      <QtyInPackage>0</QtyInPackage>
      <ItemPrice>11.80</ItemPrice>
      <UnitOfMeasurePrice>11.80</UnitOfMeasurePrice>
      <AllowDiscount>1</AllowDiscount>
      <ItemStatus>1</ItemStatus>
    </Item>
    <Item>
      <PriceUpdateDate>2024-12-25 06:20</PriceUpdateDate>
      <ItemCode>7290010003709</ItemCode>
      <ItemType>1</ItemType>
      <ItemName>פלפל שחור טחון בשקית50ג</ItemName>
      <ManufacturerName />
      <ManufactureCountry>IL</ManufactureCountry>
      <ManufacturerItemDescription>פלפל שחור טחון בשקית50ג</ManufacturerItemDescription>
      <UnitQty>גרמים</UnitQty>
      <Quantity>50.00</Quantity>
      <bIsWeighted>0</bIsWeighted>
      <UnitOfMeasure>100 גרם</UnitOfMeasure>
      <QtyInPackage>0</QtyInPackage>
      <ItemPrice>8.50</ItemPrice>
      <UnitOfMeasurePrice>17.00</UnitOfMeasurePrice>
      <AllowDiscount>1</AllowDiscount>
      <ItemStatus>1</ItemStatus>
    </Item>
    <Item>
      <PriceUpdateDate>2024-12-25 06:30</PriceUpdateDate>
      <ItemCode>7290010032426</ItemCode>
      <ItemType>1</ItemType>
      <ItemName>דבש אקליפטוס</ItemName>
      <ManufacturerName />
      <ManufactureCountry>IL</ManufactureCountry>
      <ManufacturerItemDescription>דבש אקליפטוס</ManufacturerItemDescription>
      <UnitQty>קילוגרמים</UnitQty>
      <Quantity>1.00</Quantity>
      <bIsWeighted>0</bIsWeighted>
      <UnitOfMeasure>ק"ג</UnitOfMeasure>
      <QtyInPackage>0</QtyInPackage>
      <ItemPrice>59.90</ItemPrice>
      <UnitOfMeasurePrice>59.90</UnitOfMeasurePrice>
      <AllowDiscount>1</AllowDiscount>
      <ItemStatus>0</ItemStatus>
    </Item>
    <Item>
      <PriceUpdateDate>2024-12-25 06:10</PriceUpdateDate>
      <ItemCode>7290010065295</ItemCode>
      <ItemType>1</ItemType>
      <ItemName>פרינוק מחית תפו"ע+בננ130</ItemName>
      <ManufacturerName>פרינוק</ManufacturerName>
      <ManufactureCountry>CZ</ManufactureCountry>
      <ManufacturerItemDescription>פרינוק מחית</ManufacturerItemDescription>
      <UnitQty>גרמים</UnitQty>
      <Quantity>130.00</Quantity>
      <bIsWeighted>0</bIsWeighted>
      <UnitOfMeasure>100 גרם</UnitOfMeasure>
      <QtyInPackage>0</QtyInPackage>
      <ItemPrice>5.20</ItemPrice>
      <UnitOfMeasurePrice>4.00</UnitOfMeasurePrice>
      <AllowDiscount>1</AllowDiscount>
      <ItemStatus>1</ItemStatus>
    </Item>
    <Item>
      <PriceUpdateDate>2024-12-25 06:50</PriceUpdateDate>
      <ItemCode>7290010970452</ItemCode>
      <ItemType>1</ItemType>
      <ItemName>טחינ.גולמית מעוד.לחיץ380</ItemName>
      <ManufacturerName>---</ManufacturerName>
      <ManufactureCountry>IL</ManufactureCountry>
      <ManufacturerItemDescription>טחינה גולמית</ManufacturerItemDescription>
      <UnitQty>גרמים</UnitQty>
      <Quantity>380.00</Quantity>
      <bIsWeighted>0</bIsWeighted>
      <UnitOfMeasure>100 גרם</UnitOfMeasure>
      <QtyInPackage>1</QtyInPackage>
      <ItemPrice>15.90</ItemPrice>
      <UnitOfMeasurePrice>4.18</UnitOfMeasurePrice>
      <AllowDiscount>1</AllowDiscount>
      <ItemStatus>1</ItemStatus>
    </Item>
    <Item>
      <PriceUpdateDate>2024-12-25 06:30</PriceUpdateDate>
      <ItemCode>7290010970759</ItemCode>
      <ItemType>1</ItemType>
      <ItemName>סירופ מלבי 250 מ"ל</ItemName>
      <ManufacturerName>ג.מ טעם הארץ בע"\ם</ManufacturerName>
      <ManufactureCountry>IL</ManufactureCountry>
      <ManufacturerItemDescription>סירופ מלבי</ManufacturerItemDescription>
      <UnitQty>מיליליטרים</UnitQty>
      <Quantity>250.00</Quantity>
      <bIsWeighted>0</bIsWeighted>
      <UnitOfMeasure>100 מ"ל</UnitOfMeasure>
      <QtyInPackage>1</QtyInPackage>
      <ItemPrice>11.90</ItemPrice>
      <UnitOfMeasurePrice>4.76</UnitOfMeasurePrice>
      <AllowDiscount>1</AllowDiscount>
      <ItemStatus>1</ItemStatus>
    </Item>
    <Item>
      <PriceUpdateDate>2024-12-25 06:30</PriceUpdateDate>
      <ItemCode>7290010970766</ItemCode>
      <ItemType>1</ItemType>
      <ItemName>מי ורדים 250 מ"ל</ItemName>
      <ManufacturerName>ג.מ טעם הארץ בע"\ם</ManufacturerName>
      <ManufactureCountry>IL</ManufactureCountry>
      <ManufacturerItemDescription>מי ורדים</ManufacturerItemDescription>
      <UnitQty>מיליליטרים</UnitQty>
      <Quantity>250.00</Quantity>
      <bIsWeighted>0</bIsWeighted>
      <UnitOfMeasure>100 מ"ל</UnitOfMeasure>
      <QtyInPackage>1</QtyInPackage>
      <ItemPrice>11.90</ItemPrice>
      <UnitOfMeasurePrice>4.76</UnitOfMeasurePrice>
      <AllowDiscount>1</AllowDiscount>
      <ItemStatus>0</ItemStatus>
    </Item>
    <Item>
      <PriceUpdateDate>2024-12-25 12:16</PriceUpdateDate>
      <ItemCode>7290011113902</ItemCode>
      <ItemType>1</ItemType>
      <ItemName>טיטניום BLACK א.ד.ט 100מ</ItemName>
      <ManufacturerName>קרליין</ManufacturerName>
      <ManufactureCountry>IL</ManufactureCountry>
      <ManufacturerItemDescription>א.ד.ט BLACK</ManufacturerItemDescription>
      <UnitQty>מיליליטרים</UnitQty>
      <Quantity>100.00</Quantity>
      <bIsWeighted>0</bIsWeighted>
      <UnitOfMeasure>100 מ"ל</UnitOfMeasure>
      <QtyInPackage>0</QtyInPackage>
      <ItemPrice>79.90</ItemPrice>
      <UnitOfMeasurePrice>79.90</UnitOfMeasurePrice>
      <AllowDiscount>1</AllowDiscount>
      <ItemStatus>1</ItemStatus>
    </Item>
    <Item>
      <PriceUpdateDate>2024-12-25 06:20</PriceUpdateDate>
      <ItemCode>7290011131371</ItemCode>
      <ItemType>1</ItemType>
      <ItemName>מוזלי קראנצי בוטנ+שקד1ק</ItemName>
      <ManufacturerName>וויטליה</ManufacturerName>
      <ManufactureCountry>MK</ManufactureCountry>
      <ManufacturerItemDescription>מוזלי קראנצי בוטנ+שקד1ק</ManufacturerItemDescription>
      <UnitQty>קילוגרמים</UnitQty>
      <Quantity>1.00</Quantity>
      <bIsWeighted>0</bIsWeighted>
      <UnitOfMeasure>ק"ג</UnitOfMeasure>
      <QtyInPackage>0</QtyInPackage>
      <ItemPrice>29.90</ItemPrice>
      <UnitOfMeasurePrice>29.90</UnitOfMeasurePrice>
      <AllowDiscount>1</AllowDiscount>
      <ItemStatus>1</ItemStatus>
    </Item>
    <Item>
      <PriceUpdateDate>2024-12-25 06:20</PriceUpdateDate>
      <ItemCode>7290011877156</ItemCode>
      <ItemType>1</ItemType>
      <ItemName>סנו פרש ענק מאסק 375 מ"ל</ItemName>
      <ManufacturerName>סנו מפעלי ברונוס בעמ</ManufacturerName>
      <ManufactureCountry>IL</ManufactureCountry>
      <ManufacturerItemDescription>סנו פרש ענק</ManufacturerItemDescription>
      <UnitQty>מיליליטרים</UnitQty>
      <Quantity>375.00</Quantity>
      <bIsWeighted>0</bIsWeighted>
      <UnitOfMeasure>100 מ"ל</UnitOfMeasure>
      <QtyInPackage>0</QtyInPackage>
      <ItemPrice>12.80</ItemPrice>
      <UnitOfMeasurePrice>3.41</UnitOfMeasurePrice>
      <AllowDiscount>1</AllowDiscount>
      <ItemStatus>1</ItemStatus>
    </Item>
    <Item>
      <PriceUpdateDate>2024-12-25 06:40</PriceUpdateDate>
      <ItemCode>7290011947781</ItemCode>
      <ItemType>1</ItemType>
      <ItemName>מיקס זית ירוק וקלמטה190ג</ItemName>
      <ManufacturerName>---</ManufacturerName>
      <ManufactureCountry>IL</ManufactureCountry>
      <ManufacturerItemDescription>מיקס זית ירוק וקלמטה190ג</ManufacturerItemDescription>
      <UnitQty>גרמים</UnitQty>
      <Quantity>190.00</Quantity>
      <bIsWeighted>0</bIsWeighted>
      <UnitOfMeasure>100 גרם</UnitOfMeasure>
      <QtyInPackage>1</QtyInPackage>
      <ItemPrice>17.90</ItemPrice>
      <UnitOfMeasurePrice>9.42</UnitOfMeasurePrice>
      <AllowDiscount>1</AllowDiscount>
      <ItemStatus>0</ItemStatus>
    </Item>
    <Item>
      <PriceUpdateDate>2024-12-25 06:20</PriceUpdateDate>
      <ItemCode>7290011964702</ItemCode>
      <ItemType>1</ItemType>
      <ItemName>תיבול לשווארמה 100 גרם</ItemName>
      <ManufacturerName>תבליני טעם וריח</ManufacturerName>
      <ManufactureCountry>IL</ManufactureCountry>
      <ManufacturerItemDescription>תיבול לשווארמה</ManufacturerItemDescription>
      <UnitQty>גרמים</UnitQty>
      <Quantity>100.00</Quantity>
      <bIsWeighted>0</bIsWeighted>
      <UnitOfMeasure>100 גרם</UnitOfMeasure>
      <QtyInPackage>0</QtyInPackage>
      <ItemPrice>12.90</ItemPrice>
      <UnitOfMeasurePrice>12.90</UnitOfMeasurePrice>
      <AllowDiscount>1</AllowDiscount>
      <ItemStatus>0</ItemStatus>
    </Item>
    <Item>
      <PriceUpdateDate>2024-12-25 06:20</PriceUpdateDate>
      <ItemCode>7290012193125</ItemCode>
      <ItemType>1</ItemType>
      <ItemName>סוכרלוז 150 טבליות כשלפ</ItemName>
      <ManufacturerName>קיפל טבליות וממתיקים בע"</ManufacturerName>
      <ManufactureCountry>CN</ManufactureCountry>
      <ManufacturerItemDescription>סוכרלוז</ManufacturerItemDescription>
      <UnitQty>יחידה</UnitQty>
      <Quantity>1.00</Quantity>
      <bIsWeighted>0</bIsWeighted>
      <UnitOfMeasure>יחידה</UnitOfMeasure>
      <QtyInPackage>0</QtyInPackage>
      <ItemPrice>36.90</ItemPrice>
      <UnitOfMeasurePrice>36.90</UnitOfMeasurePrice>
      <AllowDiscount>1</AllowDiscount>
      <ItemStatus>0</ItemStatus>
    </Item>
    <Item>
      <PriceUpdateDate>2024-12-25 06:30</PriceUpdateDate>
      <ItemCode>7290012227912</ItemCode>
      <ItemType>1</ItemType>
      <ItemName>קבנוס מעודן 135 גרם</ItemName>
      <ManufacturerName>זוגלובק</ManufacturerName>
      <ManufactureCountry>IL</ManufactureCountry>
      <ManufacturerItemDescription>קבנוס מעודן 135 גרם</ManufacturerItemDescription>
      <UnitQty>גרמים</UnitQty>
      <Quantity>135.00</Quantity>
      <bIsWeighted>0</bIsWeighted>
      <UnitOfMeasure>100 גרם</UnitOfMeasure>
      <QtyInPackage>1</QtyInPackage>
      <ItemPrice>15.70</ItemPrice>
      <UnitOfMeasurePrice>11.63</UnitOfMeasurePrice>
      <AllowDiscount>1</AllowDiscount>
      <ItemStatus>1</ItemStatus>
    </Item>
    <Item>
      <PriceUpdateDate>2024-12-25 06:20</PriceUpdateDate>
      <ItemCode>7290012244018</ItemCode>
      <ItemType>1</ItemType>
      <ItemName>עוג.מוס ר.חלב+שוק.לבן1קג</ItemName>
      <ManufacturerName>NOVOLO BIO-PHARMA TZAMAL</ManufacturerName>
      <ManufactureCountry>IL</ManufactureCountry>
      <ManufacturerItemDescription>עוגת מוס</ManufacturerItemDescription>
      <UnitQty>יחידה</UnitQty>
      <Quantity>1.00</Quantity>
      <bIsWeighted>0</bIsWeighted>
      <UnitOfMeasure>יחידה</UnitOfMeasure>
      <QtyInPackage>0</QtyInPackage>
      <ItemPrice>79.90</ItemPrice>
      <UnitOfMeasurePrice>79.90</UnitOfMeasurePrice>
      <AllowDiscount>1</AllowDiscount>
      <ItemStatus>0</ItemStatus>
    </Item>
    <Item>
      <PriceUpdateDate>2024-12-25 06:30</PriceUpdateDate>
      <ItemCode>7290012864049</ItemCode>
      <ItemType>1</ItemType>
      <ItemName>נבטי צנונית אורגני</ItemName>
      <ManufacturerName>נבטי העמק</ManufacturerName>
      <ManufactureCountry>IL</ManufactureCountry>
      <ManufacturerItemDescription>נבטי צנונית 280ג</ManufacturerItemDescription>
      <UnitQty>גרמים</UnitQty>
      <Quantity>280.00</Quantity>
      <bIsWeighted>0</bIsWeighted>
      <UnitOfMeasure>100 גרם</UnitOfMeasure>
      <QtyInPackage>1</QtyInPackage>
      <ItemPrice>13.90</ItemPrice>
      <UnitOfMeasurePrice>4.96</UnitOfMeasurePrice>
      <AllowDiscount>1</AllowDiscount>
      <ItemStatus>0</ItemStatus>
    </Item>
    <Item>
      <PriceUpdateDate>2024-12-25 06:30</PriceUpdateDate>
      <ItemCode>7290012864056</ItemCode>
      <ItemType>1</ItemType>
      <ItemName>נבטי ברוקולי 160 גרם</ItemName>
      <ManufacturerName>נבטי העמק</ManufacturerName>
      <ManufactureCountry>IL</ManufactureCountry>
      <ManufacturerItemDescription>נבטי ברוקולי 160</ManufacturerItemDescription>
      <UnitQty>יחידה</UnitQty>
      <Quantity>1.00</Quantity>
      <bIsWeighted>0</bIsWeighted>
      <UnitOfMeasure>יחידה</UnitOfMeasure>
      <QtyInPackage>1</QtyInPackage>
      <ItemPrice>13.90</ItemPrice>
      <UnitOfMeasurePrice>13.90</UnitOfMeasurePrice>
      <AllowDiscount>1</AllowDiscount>
      <ItemStatus>1</ItemStatus>
    </Item>
    <Item>
      <PriceUpdateDate>2024-12-25 10:51</PriceUpdateDate>
      <ItemCode>7290013090706</ItemCode>
      <ItemType>1</ItemType>
      <ItemName>ארטישוק ירושלמי אורגני</ItemName>
      <ManufacturerName>כללי</ManufacturerName>
      <ManufactureCountry>IL</ManufactureCountry>
      <ManufacturerItemDescription>ארטישוק ירושלמי אורגני</ManufacturerItemDescription>
      <UnitQty>יחידה</UnitQty>
      <Quantity>1.00</Quantity>
      <bIsWeighted>0</bIsWeighted>
      <UnitOfMeasure>יחידה</UnitOfMeasure>
      <QtyInPackage>1</QtyInPackage>
      <ItemPrice>14.90</ItemPrice>
      <UnitOfMeasurePrice>14.90</UnitOfMeasurePrice>
      <AllowDiscount>1</AllowDiscount>
      <ItemStatus>1</ItemStatus>
    </Item>
    <Item>
      <PriceUpdateDate>2024-12-25 06:30</PriceUpdateDate>
      <ItemCode>7290013090744</ItemCode>
      <ItemType>1</ItemType>
      <ItemName>עלי רוקט אורגניים יחידה</ItemName>
      <ManufacturerName>יבולי בר אורגני</ManufacturerName>
      <ManufactureCountry>IL</ManufactureCountry>
      <ManufacturerItemDescription>עלי רוקט אורגני</ManufacturerItemDescription>
      <UnitQty>יחידה</UnitQty>
      <Quantity>1.00</Quantity>
      <bIsWeighted>0</bIsWeighted>
      <UnitOfMeasure>יחידה</UnitOfMeasure>
      <QtyInPackage>1</QtyInPackage>
      <ItemPrice>15.90</ItemPrice>
      <UnitOfMeasurePrice>15.90</UnitOfMeasurePrice>
      <AllowDiscount>1</AllowDiscount>
      <ItemStatus>0</ItemStatus>
    </Item>
    <Item>
      <PriceUpdateDate>2024-12-25 06:20</PriceUpdateDate>
      <ItemCode>7290013121165</ItemCode>
      <ItemType>1</ItemType>
      <ItemName>לחמניות נקניקיה</ItemName>
      <ManufacturerName />
      <ManufactureCountry>IL</ManufactureCountry>
      <ManufacturerItemDescription>לחמניות נקניקיה</ManufacturerItemDescription>
      <UnitQty>גרמים</UnitQty>
      <Quantity>460.00</Quantity>
      <bIsWeighted>0</bIsWeighted>
      <UnitOfMeasure>100 גרם</UnitOfMeasure>
      <QtyInPackage>0</QtyInPackage>
      <ItemPrice>22.90</ItemPrice>
      <UnitOfMeasurePrice>4.98</UnitOfMeasurePrice>
      <AllowDiscount>1</AllowDiscount>
      <ItemStatus>0</ItemStatus>
    </Item>
    <Item>
      <PriceUpdateDate>2024-12-25 06:20</PriceUpdateDate>
      <ItemCode>7290013144270</ItemCode>
      <ItemType>1</ItemType>
      <ItemName>תערובת קרם פטיסייר100גרם</ItemName>
      <ManufacturerName>א.ל ייצור ושיווק תבלינים</ManufacturerName>
      <ManufactureCountry>IL</ManufactureCountry>
      <ManufacturerItemDescription>קרם פטיסייר</ManufacturerItemDescription>
      <UnitQty>גרמים</UnitQty>
      <Quantity>100.00</Quantity>
      <bIsWeighted>0</bIsWeighted>
      <UnitOfMeasure>100 גרם</UnitOfMeasure>
      <QtyInPackage>0</QtyInPackage>
      <ItemPrice>12.60</ItemPrice>
      <UnitOfMeasurePrice>12.60</UnitOfMeasurePrice>
      <AllowDiscount>1</AllowDiscount>
      <ItemStatus>0</ItemStatus>
    </Item>
    <Item>
      <PriceUpdateDate>2024-12-25 06:20</PriceUpdateDate>
      <ItemCode>7290013145215</ItemCode>
      <ItemType>1</ItemType>
      <ItemName>שומשום 400 גרם</ItemName>
      <ManufacturerName>א.ל ייצור ושיווק תבלינים</ManufacturerName>
      <ManufactureCountry>IL</ManufactureCountry>
      <ManufacturerItemDescription>שומשום 400 גרם</ManufacturerItemDescription>
      <UnitQty>גרמים</UnitQty>
      <Quantity>400.00</Quantity>
      <bIsWeighted>0</bIsWeighted>
      <UnitOfMeasure>100 גרם</UnitOfMeasure>
      <QtyInPackage>0</QtyInPackage>
      <ItemPrice>17.40</ItemPrice>
      <UnitOfMeasurePrice>4.35</UnitOfMeasurePrice>
      <AllowDiscount>1</AllowDiscount>
      <ItemStatus>0</ItemStatus>
    </Item>
    <Item>
      <PriceUpdateDate>2024-12-25 14:43</PriceUpdateDate>
      <ItemCode>7290013215314</ItemCode>
      <ItemType>1</ItemType>
      <ItemName>דואט פורטובלה יחידה</ItemName>
      <ManufacturerName>חוות הדרום בע"מ</ManufacturerName>
      <ManufactureCountry>IL</ManufactureCountry>
      <ManufacturerItemDescription>דואט פורטובלה</ManufacturerItemDescription>
      <UnitQty>יחידה</UnitQty>
      <Quantity>1.00</Quantity>
      <bIsWeighted>0</bIsWeighted>
      <UnitOfMeasure>יחידה</UnitOfMeasure>
      <QtyInPackage>1</QtyInPackage>
      <ItemPrice>19.90</ItemPrice>
      <UnitOfMeasurePrice>19.90</UnitOfMeasurePrice>
      <AllowDiscount>1</AllowDiscount>
      <ItemStatus>1</ItemStatus>
    </Item>
    <Item>
      <PriceUpdateDate>2024-12-25 12:17</PriceUpdateDate>
      <ItemCode>7290013275196</ItemCode>
      <ItemType>1</ItemType>
      <ItemName>מברשת שיער להתרת קשרים</ItemName>
      <ManufacturerName>מישל מרסייה</ManufacturerName>
      <ManufactureCountry>IL</ManufactureCountry>
      <ManufacturerItemDescription>מברשת שיער להתרת</ManufacturerItemDescription>
      <UnitQty>יחידה</UnitQty>
      <Quantity>1.00</Quantity>
      <bIsWeighted>0</bIsWeighted>
      <UnitOfMeasure>יחידה</UnitOfMeasure>
      <QtyInPackage>1</QtyInPackage>
      <ItemPrice>50.50</ItemPrice>
      <UnitOfMeasurePrice>50.50</UnitOfMeasurePrice>
      <AllowDiscount>1</AllowDiscount>
      <ItemStatus>1</ItemStatus>
    </Item>
    <Item>
      <PriceUpdateDate>2024-12-25 06:20</PriceUpdateDate>
      <ItemCode>7290013284112</ItemCode>
      <ItemType>1</ItemType>
      <ItemName>זיתים ירוקים</ItemName>
      <ManufacturerName />
      <ManufactureCountry>IL</ManufactureCountry>
      <ManufacturerItemDescription>זיתים ירוקים</ManufacturerItemDescription>
      <UnitQty>גרמים</UnitQty>
      <Quantity>560.00</Quantity>
      <bIsWeighted>0</bIsWeighted>
      <UnitOfMeasure>100 גרם</UnitOfMeasure>
      <QtyInPackage>0</QtyInPackage>
      <ItemPrice>9.60</ItemPrice>
      <UnitOfMeasurePrice>1.71</UnitOfMeasurePrice>
      <AllowDiscount>1</AllowDiscount>
      <ItemStatus>0</ItemStatus>
    </Item>
    <Item>
      <PriceUpdateDate>2024-12-25 06:20</PriceUpdateDate>
      <ItemCode>7290013284303</ItemCode>
      <ItemType>1</ItemType>
      <ItemName>זיתים ירוקים</ItemName>
      <ManufacturerName />
      <ManufactureCountry>IL</ManufactureCountry>
      <ManufacturerItemDescription>זיתים ירוקים</ManufacturerItemDescription>
      <UnitQty>גרמים</UnitQty>
      <Quantity>560.00</Quantity>
      <bIsWeighted>0</bIsWeighted>
      <UnitOfMeasure>100 גרם</UnitOfMeasure>
      <QtyInPackage>0</QtyInPackage>
      <ItemPrice>10.90</ItemPrice>
      <UnitOfMeasurePrice>1.95</UnitOfMeasurePrice>
      <AllowDiscount>1</AllowDiscount>
      <ItemStatus>0</ItemStatus>
    </Item>
    <Item>
      <PriceUpdateDate>2024-12-25 06:30</PriceUpdateDate>
      <ItemCode>7290013358547</ItemCode>
      <ItemType>1</ItemType>
      <ItemName>רוטב צ'ילי חריף 700 מ"ל</ItemName>
      <ManufacturerName>מסוונג רונרוג בעמ</ManufacturerName>
      <ManufactureCountry>TH</ManufactureCountry>
      <ManufacturerItemDescription>רוטב צ'ילי חריף</ManufacturerItemDescription>
      <UnitQty>מיליליטרים</UnitQty>
      <Quantity>700.00</Quantity>
      <bIsWeighted>0</bIsWeighted>
      <UnitOfMeasure>100 מ"ל</UnitOfMeasure>
      <QtyInPackage>1</QtyInPackage>
      <ItemPrice>15.10</ItemPrice>
      <UnitOfMeasurePrice>2.16</UnitOfMeasurePrice>
      <AllowDiscount>1</AllowDiscount>
      <ItemStatus>0</ItemStatus>
    </Item>
    <Item>
      <PriceUpdateDate>2024-12-25 06:20</PriceUpdateDate>
      <ItemCode>7290013453068</ItemCode>
      <ItemType>1</ItemType>
      <ItemName>עוגיות כוסמין</ItemName>
      <ManufacturerName />
      <ManufactureCountry>IL</ManufactureCountry>
      <ManufacturerItemDescription>עוגיות כוסמין</ManufacturerItemDescription>
      <UnitQty>גרמים</UnitQty>
      <Quantity>240.00</Quantity>
      <bIsWeighted>0</bIsWeighted>
      <UnitOfMeasure>100 גרם</UnitOfMeasure>
      <QtyInPackage>0</QtyInPackage>
      <ItemPrice>27.90</ItemPrice>
      <UnitOfMeasurePrice>11.63</UnitOfMeasurePrice>
      <AllowDiscount>1</AllowDiscount>
      <ItemStatus>0</ItemStatus>
    </Item>
    <Item>
      <PriceUpdateDate>2024-12-25 12:16</PriceUpdateDate>
      <ItemCode>7290013652157</ItemCode>
      <ItemType>1</ItemType>
      <ItemName>מגב.מסירי איפור רגיל30*3</ItemName>
      <ManufacturerName>פישר מעבדות פרמצבטיות בע</ManufacturerName>
      <ManufactureCountry>IL</ManufactureCountry>
      <ManufacturerItemDescription>מגבונים 3 יח</ManufacturerItemDescription>
      <UnitQty>יחידה</UnitQty>
      <Quantity>1.00</Quantity>
      <bIsWeighted>0</bIsWeighted>
      <UnitOfMeasure>יחידה</UnitOfMeasure>
      <QtyInPackage>0</QtyInPackage>
      <ItemPrice>19.90</ItemPrice>
      <UnitOfMeasurePrice>19.90</UnitOfMeasurePrice>
      <AllowDiscount>1</AllowDiscount>
      <ItemStatus>1</ItemStatus>
    </Item>
    <Item>
      <PriceUpdateDate>2024-12-25 12:16</PriceUpdateDate>
      <ItemCode>7290013652164</ItemCode>
      <ItemType>1</ItemType>
      <ItemName>מגבונים להסרת איפור30*3</ItemName>
      <ManufacturerName>פישר מעבדות פרמצבטיות בע</ManufacturerName>
      <ManufactureCountry>IL</ManufactureCountry>
      <ManufacturerItemDescription>GENESIS מגבונים</ManufacturerItemDescription>
      <UnitQty>יחידה</UnitQty>
      <Quantity>1.00</Quantity>
      <bIsWeighted>0</bIsWeighted>
      <UnitOfMeasure>יחידה</UnitOfMeasure>
      <QtyInPackage>0</QtyInPackage>
      <ItemPrice>19.90</ItemPrice>
      <UnitOfMeasurePrice>19.90</UnitOfMeasurePrice>
      <AllowDiscount>1</AllowDiscount>
      <ItemStatus>1</ItemStatus>
    </Item>
    <Item>
      <PriceUpdateDate>2024-12-25 12:16</PriceUpdateDate>
      <ItemCode>7290013652171</ItemCode>
      <ItemType>1</ItemType>
      <ItemName>מגבו.מסיר איפור שמן30*3</ItemName>
      <ManufacturerName>פישר מעבדות פרמצבטיות בע</ManufacturerName>
      <ManufactureCountry>IL</ManufactureCountry>
      <ManufacturerItemDescription>שלישיית מגובונים</ManufacturerItemDescription>
      <UnitQty>יחידה</UnitQty>
      <Quantity>1.00</Quantity>
      <bIsWeighted>0</bIsWeighted>
      <UnitOfMeasure>יחידה</UnitOfMeasure>
      <QtyInPackage>0</QtyInPackage>
      <ItemPrice>19.90</ItemPrice>
      <UnitOfMeasurePrice>19.90</UnitOfMeasurePrice>
      <AllowDiscount>1</AllowDiscount>
      <ItemStatus>1</ItemStatus>
    </Item>
    <Item>
      <PriceUpdateDate>2024-12-25 06:20</PriceUpdateDate>
      <ItemCode>7290013683632</ItemCode>
      <ItemType>1</ItemType>
      <ItemName>עוגת קצפת עם אגוזים1.3קג</ItemName>
      <ManufacturerName>כללי</ManufacturerName>
      <ManufactureCountry>IL</ManufactureCountry>
      <ManufacturerItemDescription>עוגת קצפת</ManufacturerItemDescription>
      <UnitQty>קילוגרמים</UnitQty>
      <Quantity>1.30</Quantity>
      <bIsWeighted>0</bIsWeighted>
      <UnitOfMeasure>ק"ג</UnitOfMeasure>
      <QtyInPackage>0</QtyInPackage>
      <ItemPrice>110.00</ItemPrice>
      <UnitOfMeasurePrice>84.62</UnitOfMeasurePrice>
      <AllowDiscount>1</AllowDiscount>
      <ItemStatus>0</ItemStatus>
    </Item>
    <Item>
      <PriceUpdateDate>2024-12-25 06:20</PriceUpdateDate>
      <ItemCode>7290013724939</ItemCode>
      <ItemType>1</ItemType>
      <ItemName>חמוציות בשוקולד מריר160ג</ItemName>
      <ManufacturerName>מעדנות בע"\מ</ManufacturerName>
      <ManufactureCountry>IL</ManufactureCountry>
      <ManufacturerItemDescription>חמוציות בשוקולד מריר160ג</ManufacturerItemDescription>
      <UnitQty>גרמים</UnitQty>
      <Quantity>160.00</Quantity>
      <bIsWeighted>0</bIsWeighted>
      <UnitOfMeasure>100 גרם</UnitOfMeasure>
      <QtyInPackage>0</QtyInPackage>
      <ItemPrice>15.80</ItemPrice>
      <UnitOfMeasurePrice>9.88</UnitOfMeasurePrice>
      <AllowDiscount>1</AllowDiscount>
      <ItemStatus>1</ItemStatus>
    </Item>
    <Item>
      <PriceUpdateDate>2024-12-25 06:40</PriceUpdateDate>
      <ItemCode>7290013787422</ItemCode>
      <ItemType>1</ItemType>
      <ItemName>פלין פטריות בטעם כמהין</ItemName>
      <ManufacturerName>דודו איטליאן פרודקטס בע\</ManufacturerName>
      <ManufactureCountry>IL</ManufactureCountry>
      <ManufacturerItemDescription>פלין פטריות בטעם</ManufacturerItemDescription>
      <UnitQty>גרמים</UnitQty>
      <Quantity>330.00</Quantity>
      <bIsWeighted>0</bIsWeighted>
      <UnitOfMeasure>100 גרם</UnitOfMeasure>
      <QtyInPackage>1</QtyInPackage>
      <ItemPrice>29.90</ItemPrice>
      <UnitOfMeasurePrice>9.06</UnitOfMeasurePrice>
      <AllowDiscount>1</AllowDiscount>
      <ItemStatus>1</ItemStatus>
    </Item>
    <Item>
      <PriceUpdateDate>2024-12-25 06:30</PriceUpdateDate>
      <ItemCode>7290014217027</ItemCode>
      <ItemType>1</ItemType>
      <ItemName>תערובת  לעוף במיכל120ג</ItemName>
      <ManufacturerName>תבליני טעם וריח</ManufacturerName>
      <ManufactureCountry>IL</ManufactureCountry>
      <ManufacturerItemDescription>תערובת לעוף</ManufacturerItemDescription>
      <UnitQty>גרמים</UnitQty>
      <Quantity>120.00</Quantity>
      <bIsWeighted>0</bIsWeighted>
      <UnitOfMeasure>100 גרם</UnitOfMeasure>
      <QtyInPackage>0</QtyInPackage>
      <ItemPrice>14.90</ItemPrice>
      <UnitOfMeasurePrice>12.42</UnitOfMeasurePrice>
      <AllowDiscount>1</AllowDiscount>
      <ItemStatus>1</ItemStatus>
    </Item>
    <Item>
      <PriceUpdateDate>2024-12-25 06:30</PriceUpdateDate>
      <ItemCode>7290014217119</ItemCode>
      <ItemType>1</ItemType>
      <ItemName>תערובת תיבול לצ'יפס100ג</ItemName>
      <ManufacturerName>תבליני טעם וריח</ManufacturerName>
      <ManufactureCountry>IL</ManufactureCountry>
      <ManufacturerItemDescription>תערובת תיבול לציפס100ג</ManufacturerItemDescription>
      <UnitQty>גרמים</UnitQty>
      <Quantity>100.00</Quantity>
      <bIsWeighted>0</bIsWeighted>
      <UnitOfMeasure>100 גרם</UnitOfMeasure>
      <QtyInPackage>1</QtyInPackage>
      <ItemPrice>12.90</ItemPrice>
      <UnitOfMeasurePrice>12.90</UnitOfMeasurePrice>
      <AllowDiscount>1</AllowDiscount>
      <ItemStatus>0</ItemStatus>
    </Item>
    <Item>
      <PriceUpdateDate>2024-12-25 06:30</PriceUpdateDate>
      <ItemCode>7290014547353</ItemCode>
      <ItemType>1</ItemType>
      <ItemName>2מברשות סנסודיין דואלק</ItemName>
      <ManufacturerName>L Co., Industrial Shummi</ManufacturerName>
      <ManufactureCountry>CN</ManufactureCountry>
      <ManufacturerItemDescription>2 מברשו סנסודיין</ManufacturerItemDescription>
      <UnitQty>יחידה</UnitQty>
      <Quantity>1.00</Quantity>
      <bIsWeighted>0</bIsWeighted>
      <UnitOfMeasure>יחידה</UnitOfMeasure>
      <QtyInPackage>1</QtyInPackage>
      <ItemPrice>23.90</ItemPrice>
      <UnitOfMeasurePrice>23.90</UnitOfMeasurePrice>
      <AllowDiscount>1</AllowDiscount>
      <ItemStatus>1</ItemStatus>
    </Item>
    <Item>
      <PriceUpdateDate>2024-12-25 06:30</PriceUpdateDate>
      <ItemCode>7290014890237</ItemCode>
      <ItemType>1</ItemType>
      <ItemName>קממברט בייבי 125 גרם</ItemName>
      <ManufacturerName>משק יעקבס</ManufacturerName>
      <ManufactureCountry>IL</ManufactureCountry>
      <ManufacturerItemDescription>קממברט בייבי 125 גרם</ManufacturerItemDescription>
      <UnitQty>גרמים</UnitQty>
      <Quantity>125.00</Quantity>
      <bIsWeighted>0</bIsWeighted>
      <UnitOfMeasure>100 גרם</UnitOfMeasure>
      <QtyInPackage>1</QtyInPackage>
      <ItemPrice>21.90</ItemPrice>
      <UnitOfMeasurePrice>17.52</UnitOfMeasurePrice>
      <AllowDiscount>1</AllowDiscount>
      <ItemStatus>0</ItemStatus>
    </Item>
    <Item>
      <PriceUpdateDate>2024-12-25 06:30</PriceUpdateDate>
      <ItemCode>7290015008655</ItemCode>
      <ItemType>1</ItemType>
      <ItemName>כפות שקופות 50 יחידות</ItemName>
      <ManufacturerName>ר.שמאי</ManufacturerName>
      <ManufactureCountry>TR</ManufactureCountry>
      <ManufacturerItemDescription>כפות שקופות 50 יחידות</ManufacturerItemDescription>
      <UnitQty>יחידה</UnitQty>
      <Quantity>1.00</Quantity>
      <bIsWeighted>0</bIsWeighted>
      <UnitOfMeasure>יחידה</UnitOfMeasure>
      <QtyInPackage>1</QtyInPackage>
      <ItemPrice>9.90</ItemPrice>
      <UnitOfMeasurePrice>9.90</UnitOfMeasurePrice>
      <AllowDiscount>1</AllowDiscount>
      <ItemStatus>1</ItemStatus>
    </Item>
    <Item>
      <PriceUpdateDate>2024-12-25 06:30</PriceUpdateDate>
      <ItemCode>7290015008662</ItemCode>
      <ItemType>1</ItemType>
      <ItemName>מזלגות שקופים 50 יחידות</ItemName>
      <ManufacturerName>ר.שמאי</ManufacturerName>
      <ManufactureCountry>TR</ManufactureCountry>
      <ManufacturerItemDescription>מזלגות שקופים 50 יחידות</ManufacturerItemDescription>
      <UnitQty>יחידה</UnitQty>
      <Quantity>1.00</Quantity>
      <bIsWeighted>0</bIsWeighted>
      <UnitOfMeasure>יחידה</UnitOfMeasure>
      <QtyInPackage>1</QtyInPackage>
      <ItemPrice>9.90</ItemPrice>
      <UnitOfMeasurePrice>9.90</UnitOfMeasurePrice>
      <AllowDiscount>1</AllowDiscount>
      <ItemStatus>1</ItemStatus>
    </Item>
    <Item>
      <PriceUpdateDate>2024-12-25 06:30</PriceUpdateDate>
      <ItemCode>7290015129121</ItemCode>
      <ItemType>1</ItemType>
      <ItemName>אטריות קונגאק</ItemName>
      <ManufacturerName />
      <ManufactureCountry>CN</ManufactureCountry>
      <ManufacturerItemDescription>אטריות קונגאק</ManufacturerItemDescription>
      <UnitQty>גרמים</UnitQty>
      <Quantity>270.00</Quantity>
      <bIsWeighted>0</bIsWeighted>
      <UnitOfMeasure>100 גרם</UnitOfMeasure>
      <QtyInPackage>0</QtyInPackage>
      <ItemPrice>13.90</ItemPrice>
      <UnitOfMeasurePrice>5.15</UnitOfMeasurePrice>
      <AllowDiscount>1</AllowDiscount>
      <ItemStatus>0</ItemStatus>
    </Item>
    <Item>
      <PriceUpdateDate>2024-12-25 06:30</PriceUpdateDate>
      <ItemCode>7290015129145</ItemCode>
      <ItemType>1</ItemType>
      <ItemName>אטריות קונגאק</ItemName>
      <ManufacturerName />
      <ManufactureCountry>CN</ManufactureCountry>
      <ManufacturerItemDescription>אטריות קונגאק</ManufacturerItemDescription>
      <UnitQty>גרמים</UnitQty>
      <Quantity>270.00</Quantity>
      <bIsWeighted>0</bIsWeighted>
      <UnitOfMeasure>100 גרם</UnitOfMeasure>
      <QtyInPackage>0</QtyInPackage>
      <ItemPrice>13.90</ItemPrice>
      <UnitOfMeasurePrice>5.15</UnitOfMeasurePrice>
      <AllowDiscount>1</AllowDiscount>
      <ItemStatus>0</ItemStatus>
    </Item>
    <Item>
      <PriceUpdateDate>2024-12-25 06:50</PriceUpdateDate>
      <ItemCode>7290015264747</ItemCode>
      <ItemType>1</ItemType>
      <ItemName>חלבה עם פיסטוק 500 גרם</ItemName>
      <ManufacturerName>ממלכת החלבה</ManufacturerName>
      <ManufactureCountry>IL</ManufactureCountry>
      <ManufacturerItemDescription>חלבה עם פיסטוק</ManufacturerItemDescription>
      <UnitQty>גרמים</UnitQty>
      <Quantity>500.00</Quantity>
      <bIsWeighted>0</bIsWeighted>
      <UnitOfMeasure>100 גרם</UnitOfMeasure>
      <QtyInPackage>1</QtyInPackage>
      <ItemPrice>23.90</ItemPrice>
      <UnitOfMeasurePrice>4.78</UnitOfMeasurePrice>
      <AllowDiscount>1</AllowDiscount>
      <ItemStatus>1</ItemStatus>
    </Item>
    <Item>
      <PriceUpdateDate>2024-12-25 06:40</PriceUpdateDate>
      <ItemCode>7290015381888</ItemCode>
      <ItemType>1</ItemType>
      <ItemName>כביסכל בייבי 2 ליטר</ItemName>
      <ManufacturerName>פרפיום קלין</ManufacturerName>
      <ManufactureCountry>IL</ManufactureCountry>
      <ManufacturerItemDescription>כביסכל בייבי</ManufacturerItemDescription>
      <UnitQty>ליטרים</UnitQty>
      <Quantity>2.00</Quantity>
      <bIsWeighted>0</bIsWeighted>
      <UnitOfMeasure>ליטר</UnitOfMeasure>
      <QtyInPackage>1</QtyInPackage>
      <ItemPrice>42.90</ItemPrice>
      <UnitOfMeasurePrice>21.45</UnitOfMeasurePrice>
      <AllowDiscount>1</AllowDiscount>
      <ItemStatus>0</ItemStatus>
    </Item>
    <Item>
      <PriceUpdateDate>2024-12-25 12:17</PriceUpdateDate>
      <ItemCode>7290015412308</ItemCode>
      <ItemType>1</ItemType>
      <ItemName>מברשת שיער לקשרים ספא</ItemName>
      <ManufacturerName>מישל מרסייה</ManufacturerName>
      <ManufactureCountry>IL</ManufactureCountry>
      <ManufacturerItemDescription>מברשת ספא</ManufacturerItemDescription>
      <UnitQty>יחידה</UnitQty>
      <Quantity>1.00</Quantity>
      <bIsWeighted>0</bIsWeighted>
      <UnitOfMeasure>יחידה</UnitOfMeasure>
      <QtyInPackage>1</QtyInPackage>
      <ItemPrice>50.50</ItemPrice>
      <UnitOfMeasurePrice>50.50</UnitOfMeasurePrice>
      <AllowDiscount>1</AllowDiscount>
      <ItemStatus>1</ItemStatus>
    </Item>
    <Item>
      <PriceUpdateDate>2024-12-25 06:30</PriceUpdateDate>
      <ItemCode>7290015603201</ItemCode>
      <ItemType>1</ItemType>
      <ItemName>איטריות קמח מלא 454 גרם</ItemName>
      <ManufacturerName>פוגיאן לונגהי אנלידה אינ</ManufacturerName>
      <ManufactureCountry>CN</ManufactureCountry>
      <ManufacturerItemDescription>איטריות קמח מלא</ManufacturerItemDescription>
      <UnitQty>גרמים</UnitQty>
      <Quantity>454.00</Quantity>
      <bIsWeighted>0</bIsWeighted>
      <UnitOfMeasure>100 גרם</UnitOfMeasure>
      <QtyInPackage>1</QtyInPackage>
      <ItemPrice>13.20</ItemPrice>
      <UnitOfMeasurePrice>2.91</UnitOfMeasurePrice>
      <AllowDiscount>1</AllowDiscount>
      <ItemStatus>0</ItemStatus>
    </Item>
    <Item>
      <PriceUpdateDate>2024-12-25 06:40</PriceUpdateDate>
      <ItemCode>7290015858328</ItemCode>
      <ItemType>1</ItemType>
      <ItemName>עללחם  איולי פסטו 295 גר</ItemName>
      <ManufacturerName>מדשא תעשיות מזון בע"\מ</ManufacturerName>
      <ManufactureCountry>IL</ManufactureCountry>
      <ManufacturerItemDescription>איולי פסטו</ManufacturerItemDescription>
      <UnitQty>גרמים</UnitQty>
      <Quantity>295.00</Quantity>
      <bIsWeighted>0</bIsWeighted>
      <UnitOfMeasure>100 גרם</UnitOfMeasure>
      <QtyInPackage>1</QtyInPackage>
      <ItemPrice>12.90</ItemPrice>
      <UnitOfMeasurePrice>4.37</UnitOfMeasurePrice>
      <AllowDiscount>1</AllowDiscount>
      <ItemStatus>0</ItemStatus>
    </Item>
    <Item>
      <PriceUpdateDate>2024-12-25 07:00</PriceUpdateDate>
      <ItemCode>7290016299168</ItemCode>
      <ItemType>1</ItemType>
      <ItemName>סרום קיק חיזוק שיער100מל</ItemName>
      <ManufacturerName>---</ManufacturerName>
      <ManufactureCountry>IL</ManufactureCountry>
      <ManufacturerItemDescription>סרום קיק לחיזוק</ManufacturerItemDescription>
      <UnitQty>מיליליטרים</UnitQty>
      <Quantity>100.00</Quantity>
      <bIsWeighted>0</bIsWeighted>
      <UnitOfMeasure>100 מ"ל</UnitOfMeasure>
      <QtyInPackage>1</QtyInPackage>
      <ItemPrice>47.90</ItemPrice>
      <UnitOfMeasurePrice>47.90</UnitOfMeasurePrice>
      <AllowDiscount>1</AllowDiscount>
      <ItemStatus>0</ItemStatus>
    </Item>
    <Item>
      <PriceUpdateDate>2024-12-25 06:40</PriceUpdateDate>
      <ItemCode>7290016319187</ItemCode>
      <ItemType>1</ItemType>
      <ItemName>עוג.סנדוויץ שוקו ללתס300</ItemName>
      <ManufacturerName>אפיפית</ManufacturerName>
      <ManufactureCountry>IL</ManufactureCountry>
      <ManufacturerItemDescription>עוגיות סנדוויץ</ManufacturerItemDescription>
      <UnitQty>גרמים</UnitQty>
      <Quantity>300.00</Quantity>
      <bIsWeighted>0</bIsWeighted>
      <UnitOfMeasure>100 גרם</UnitOfMeasure>
      <QtyInPackage>1</QtyInPackage>
      <ItemPrice>22.90</ItemPrice>
      <UnitOfMeasurePrice>7.63</UnitOfMeasurePrice>
      <AllowDiscount>1</AllowDiscount>
      <ItemStatus>0</ItemStatus>
    </Item>
    <Item>
      <PriceUpdateDate>2024-12-25 06:30</PriceUpdateDate>
      <ItemCode>7290016372496</ItemCode>
      <ItemType>1</ItemType>
      <ItemName>חליטת ג'ינג'ר ודבש 20שק'</ItemName>
      <ManufacturerName>ויסוצקי</ManufacturerName>
      <ManufactureCountry>IL</ManufactureCountry>
      <ManufacturerItemDescription>חליטת גינגר ודבש 20שק</ManufacturerItemDescription>
      <UnitQty>גרמים</UnitQty>
      <Quantity>30.00</Quantity>
      <bIsWeighted>0</bIsWeighted>
      <UnitOfMeasure>100 גרם</UnitOfMeasure>
      <QtyInPackage>1</QtyInPackage>
      <ItemPrice>22.90</ItemPrice>
      <UnitOfMeasurePrice>76.33</UnitOfMeasurePrice>
      <AllowDiscount>1</AllowDiscount>
      <ItemStatus>0</ItemStatus>
    </Item>
    <Item>
      <PriceUpdateDate>2024-12-25 06:50</PriceUpdateDate>
      <ItemCode>7290016545678</ItemCode>
      <ItemType>1</ItemType>
      <ItemName>בירה קראפטי אמבר 330 מ"ל</ItemName>
      <ManufacturerName>מבשלת הארץ בע"מ</ManufacturerName>
      <ManufactureCountry>IL</ManufactureCountry>
      <ManufacturerItemDescription>בירה קראפטי אמבר</ManufacturerItemDescription>
      <UnitQty>מיליליטרים</UnitQty>
      <Quantity>330.00</Quantity>
      <bIsWeighted>0</bIsWeighted>
      <UnitOfMeasure>100 מ"ל</UnitOfMeasure>
      <QtyInPackage>1</QtyInPackage>
      <ItemPrice>14.90</ItemPrice>
      <UnitOfMeasurePrice>4.52</UnitOfMeasurePrice>
      <AllowDiscount>1</AllowDiscount>
      <ItemStatus>0</ItemStatus>
    </Item>
    <Item>
      <PriceUpdateDate>2024-12-25 06:40</PriceUpdateDate>
      <ItemCode>7290016717051</ItemCode>
      <ItemType>1</ItemType>
      <ItemName>משקה רימון  באזז 750 מ"ל</ItemName>
      <ManufacturerName>יקבי כרמל</ManufacturerName>
      <ManufactureCountry>IL</ManufactureCountry>
      <ManufacturerItemDescription>רימון באזז</ManufacturerItemDescription>
      <UnitQty>מיליליטרים</UnitQty>
      <Quantity>750.00</Quantity>
      <bIsWeighted>0</bIsWeighted>
      <UnitOfMeasure>100 מ"ל</UnitOfMeasure>
      <QtyInPackage>1</QtyInPackage>
      <ItemPrice>29.90</ItemPrice>
      <UnitOfMeasurePrice>3.99</UnitOfMeasurePrice>
      <AllowDiscount>1</AllowDiscount>
      <ItemStatus>0</ItemStatus>
    </Item>
    <Item>
      <PriceUpdateDate>2024-12-25 06:50</PriceUpdateDate>
      <ItemCode>7290016818468</ItemCode>
      <ItemType>1</ItemType>
      <ItemName>רביולי גבינות 400 גרם</ItemName>
      <ManufacturerName>דורום תעשיות מזון ופסטה</ManufacturerName>
      <ManufactureCountry>IL</ManufactureCountry>
      <ManufacturerItemDescription>רביולי גבינות 400 גרם</ManufacturerItemDescription>
      <UnitQty>גרמים</UnitQty>
      <Quantity>400.00</Quantity>
      <bIsWeighted>0</bIsWeighted>
      <UnitOfMeasure>100 גרם</UnitOfMeasure>
      <QtyInPackage>1</QtyInPackage>
      <ItemPrice>29.90</ItemPrice>
      <UnitOfMeasurePrice>7.48</UnitOfMeasurePrice>
      <AllowDiscount>1</AllowDiscount>
      <ItemStatus>1</ItemStatus>
    </Item>
    <Item>
      <PriceUpdateDate>2024-12-25 06:30</PriceUpdateDate>
      <ItemCode>7290016866643</ItemCode>
      <ItemType>1</ItemType>
      <ItemName>מ.ש.פרודונטקס פרש 75מ</ItemName>
      <ManufacturerName>MICLEN DE</ManufacturerName>
      <ManufactureCountry>SK</ManufactureCountry>
      <ManufacturerItemDescription>מ.ש. פרודונטקס</ManufacturerItemDescription>
      <UnitQty>מיליליטרים</UnitQty>
      <Quantity>75.00</Quantity>
      <bIsWeighted>0</bIsWeighted>
      <UnitOfMeasure>100 מ"ל</UnitOfMeasure>
      <QtyInPackage>1</QtyInPackage>
      <ItemPrice>32.90</ItemPrice>
      <UnitOfMeasurePrice>43.87</UnitOfMeasurePrice>
      <AllowDiscount>1</AllowDiscount>
      <ItemStatus>0</ItemStatus>
    </Item>
    <Item>
      <PriceUpdateDate>2024-12-25 06:40</PriceUpdateDate>
      <ItemCode>7290017142418</ItemCode>
      <ItemType>1</ItemType>
      <ItemName>אורז ועדשים עם טונה 160ג</ItemName>
      <ManufacturerName>יוניקורד ח.צ בעמ</ManufacturerName>
      <ManufactureCountry>TH</ManufactureCountry>
      <ManufacturerItemDescription>אורז ועדשים+טונה</ManufacturerItemDescription>
      <UnitQty>גרמים</UnitQty>
      <Quantity>160.00</Quantity>
      <bIsWeighted>0</bIsWeighted>
      <UnitOfMeasure>100 גרם</UnitOfMeasure>
      <QtyInPackage>1</QtyInPackage>
      <ItemPrice>16.90</ItemPrice>
      <UnitOfMeasurePrice>10.56</UnitOfMeasurePrice>
      <AllowDiscount>1</AllowDiscount>
      <ItemStatus>1</ItemStatus>
    </Item>
    <Item>
      <PriceUpdateDate>2024-12-25 06:30</PriceUpdateDate>
      <ItemCode>7290017325347</ItemCode>
      <ItemType>1</ItemType>
      <ItemName>מקלות ביגלה כוסמין 200גר</ItemName>
      <ManufacturerName>אם החיטה בע"\מ</ManufacturerName>
      <ManufactureCountry>IL</ManufactureCountry>
      <ManufacturerItemDescription>מקלות ביגלה</ManufacturerItemDescription>
      <UnitQty>גרמים</UnitQty>
      <Quantity>200.00</Quantity>
      <bIsWeighted>0</bIsWeighted>
      <UnitOfMeasure>100 גרם</UnitOfMeasure>
      <QtyInPackage>1</QtyInPackage>
      <ItemPrice>19.90</ItemPrice>
      <UnitOfMeasurePrice>9.95</UnitOfMeasurePrice>
      <AllowDiscount>1</AllowDiscount>
      <ItemStatus>0</ItemStatus>
    </Item>
    <Item>
      <PriceUpdateDate>2024-12-25 06:40</PriceUpdateDate>
      <ItemCode>7290017637495</ItemCode>
      <ItemType>1</ItemType>
      <ItemName>MBתחליב רחצה ענבים600מ</ItemName>
      <ManufacturerName>סאסא קוסמטיקס אגש"\ח בע\</ManufacturerName>
      <ManufactureCountry>IL</ManufactureCountry>
      <ManufacturerItemDescription>MBתחליב רחצה</ManufacturerItemDescription>
      <UnitQty>מיליליטרים</UnitQty>
      <Quantity>600.00</Quantity>
      <bIsWeighted>0</bIsWeighted>
      <UnitOfMeasure>100 מ"ל</UnitOfMeasure>
      <QtyInPackage>1</QtyInPackage>
      <ItemPrice>16.90</ItemPrice>
      <UnitOfMeasurePrice>2.82</UnitOfMeasurePrice>
      <AllowDiscount>1</AllowDiscount>
      <ItemStatus>0</ItemStatus>
    </Item>
    <Item>
      <PriceUpdateDate>2024-12-25 06:50</PriceUpdateDate>
      <ItemCode>7290017894201</ItemCode>
      <ItemType>1</ItemType>
      <ItemName>סודה לשתייה ללא אלומיניו</ItemName>
      <ManufacturerName>דג"ש</ManufacturerName>
      <ManufactureCountry>IL</ManufactureCountry>
      <ManufacturerItemDescription>סודה לשתייה</ManufacturerItemDescription>
      <UnitQty>גרמים</UnitQty>
      <Quantity>500.00</Quantity>
      <bIsWeighted>0</bIsWeighted>
      <UnitOfMeasure>100 גרם</UnitOfMeasure>
      <QtyInPackage>1</QtyInPackage>
      <ItemPrice>19.90</ItemPrice>
      <UnitOfMeasurePrice>3.98</UnitOfMeasurePrice>
      <AllowDiscount>1</AllowDiscount>
      <ItemStatus>1</ItemStatus>
    </Item>
    <Item>
      <PriceUpdateDate>2024-12-25 06:40</PriceUpdateDate>
      <ItemCode>7290017894317</ItemCode>
      <ItemType>1</ItemType>
      <ItemName>עוג.כוסמין מלא שוקולד250</ItemName>
      <ManufacturerName>גנדולה ביסקוטי</ManufacturerName>
      <ManufactureCountry>IT</ManufactureCountry>
      <ManufacturerItemDescription>עוגיות כוסמין מל</ManufacturerItemDescription>
      <UnitQty>גרמים</UnitQty>
      <Quantity>250.00</Quantity>
      <bIsWeighted>0</bIsWeighted>
      <UnitOfMeasure>100 גרם</UnitOfMeasure>
      <QtyInPackage>1</QtyInPackage>
      <ItemPrice>17.90</ItemPrice>
      <UnitOfMeasurePrice>7.16</UnitOfMeasurePrice>
      <AllowDiscount>1</AllowDiscount>
      <ItemStatus>1</ItemStatus>
    </Item>
    <Item>
      <PriceUpdateDate>2024-12-25 06:50</PriceUpdateDate>
      <ItemCode>7290017928661</ItemCode>
      <ItemType>1</ItemType>
      <ItemName>שברי בייגלה</ItemName>
      <ManufacturerName />
      <ManufactureCountry />
      <ManufacturerItemDescription>שברי בייגלה</ManufacturerItemDescription>
      <UnitQty>יחידה</UnitQty>
      <Quantity>1.00</Quantity>
      <bIsWeighted>0</bIsWeighted>
      <UnitOfMeasure>יחידה</UnitOfMeasure>
      <QtyInPackage>0</QtyInPackage>
      <ItemPrice>14.90</ItemPrice>
      <UnitOfMeasurePrice>14.90</UnitOfMeasurePrice>
      <AllowDiscount>1</AllowDiscount>
      <ItemStatus>1</ItemStatus>
    </Item>
    <Item>
      <PriceUpdateDate>2024-12-25 07:00</PriceUpdateDate>
      <ItemCode>7290018091340</ItemCode>
      <ItemType>1</ItemType>
      <ItemName>מאמאמיה פיצה אק.גבינה470</ItemName>
      <ManufacturerName>מעדנות בע"\מ</ManufacturerName>
      <ManufactureCountry>IL</ManufactureCountry>
      <ManufacturerItemDescription>מאמאמיה פיצה אק.גבינה470</ManufacturerItemDescription>
      <UnitQty>גרמים</UnitQty>
      <Quantity>470.00</Quantity>
      <bIsWeighted>0</bIsWeighted>
      <UnitOfMeasure>100 גרם</UnitOfMeasure>
      <QtyInPackage>1</QtyInPackage>
      <ItemPrice>28.90</ItemPrice>
      <UnitOfMeasurePrice>6.15</UnitOfMeasurePrice>
      <AllowDiscount>1</AllowDiscount>
      <ItemStatus>1</ItemStatus>
    </Item>
    <Item>
      <PriceUpdateDate>2024-12-25 07:00</PriceUpdateDate>
      <ItemCode>7290018132623</ItemCode>
      <ItemType>1</ItemType>
      <ItemName>מטרנה גולד פרו שלב3 700ג</ItemName>
      <ManufacturerName>מטרנה תעשיות ש.מ.</ManufacturerName>
      <ManufactureCountry>IL</ManufactureCountry>
      <ManufacturerItemDescription>מטרנה גולד פרו ש</ManufacturerItemDescription>
      <UnitQty>גרמים</UnitQty>
      <Quantity>700.00</Quantity>
      <bIsWeighted>0</bIsWeighted>
      <UnitOfMeasure>100 גרם</UnitOfMeasure>
      <QtyInPackage>1</QtyInPackage>
      <ItemPrice>82.90</ItemPrice>
      <UnitOfMeasurePrice>11.84</UnitOfMeasurePrice>
      <AllowDiscount>1</AllowDiscount>
      <ItemStatus>1</ItemStatus>
    </Item>
    <Item>
      <PriceUpdateDate>2024-12-25 12:17</PriceUpdateDate>
      <ItemCode>7290018182376</ItemCode>
      <ItemType>1</ItemType>
      <ItemName>מארז מעטפת לבבות יח'</ItemName>
      <ManufacturerName>ניקנור</ManufacturerName>
      <ManufactureCountry>CN</ManufactureCountry>
      <ManufacturerItemDescription>מארז מעטפת לבבות</ManufacturerItemDescription>
      <UnitQty>יחידה</UnitQty>
      <Quantity>1.00</Quantity>
      <bIsWeighted>0</bIsWeighted>
      <UnitOfMeasure>יחידה</UnitOfMeasure>
      <QtyInPackage>1</QtyInPackage>
      <ItemPrice>30.90</ItemPrice>
      <UnitOfMeasurePrice>30.90</UnitOfMeasurePrice>
      <AllowDiscount>1</AllowDiscount>
      <ItemStatus>1</ItemStatus>
    </Item>
    <Item>
      <PriceUpdateDate>2024-12-25 12:17</PriceUpdateDate>
      <ItemCode>7290018182383</ItemCode>
      <ItemType>1</ItemType>
      <ItemName>מארז בקבוקי לבבות יח'</ItemName>
      <ManufacturerName>ניקנור</ManufacturerName>
      <ManufactureCountry>CN</ManufactureCountry>
      <ManufacturerItemDescription>מארז בקבוקי לבבו</ManufacturerItemDescription>
      <UnitQty>יחידה</UnitQty>
      <Quantity>1.00</Quantity>
      <bIsWeighted>0</bIsWeighted>
      <UnitOfMeasure>יחידה</UnitOfMeasure>
      <QtyInPackage>1</QtyInPackage>
      <ItemPrice>40.90</ItemPrice>
      <UnitOfMeasurePrice>40.90</UnitOfMeasurePrice>
      <AllowDiscount>1</AllowDiscount>
      <ItemStatus>1</ItemStatus>
    </Item>
    <Item>
      <PriceUpdateDate>2024-12-25 06:50</PriceUpdateDate>
      <ItemCode>7290018237939</ItemCode>
      <ItemType>1</ItemType>
      <ItemName>שניצלונים בציפוי שומשום</ItemName>
      <ManufacturerName>מוצרי עוף טוב (2001) בע\</ManufacturerName>
      <ManufactureCountry>IL</ManufactureCountry>
      <ManufacturerItemDescription>שניצלונים בציפוי</ManufacturerItemDescription>
      <UnitQty>גרמים</UnitQty>
      <Quantity>700.00</Quantity>
      <bIsWeighted>0</bIsWeighted>
      <UnitOfMeasure>100 גרם</UnitOfMeasure>
      <QtyInPackage>1</QtyInPackage>
      <ItemPrice>19.90</ItemPrice>
      <UnitOfMeasurePrice>2.84</UnitOfMeasurePrice>
      <AllowDiscount>1</AllowDiscount>
      <ItemStatus>0</ItemStatus>
    </Item>
    <Item>
      <PriceUpdateDate>2024-12-25 06:40</PriceUpdateDate>
      <ItemCode>7290018249123</ItemCode>
      <ItemType>1</ItemType>
      <ItemName>אינסטנט פודינג וניל 50גר</ItemName>
      <ManufacturerName>נטורל קייקס</ManufacturerName>
      <ManufactureCountry>IL</ManufactureCountry>
      <ManufacturerItemDescription>אינסטנט פודינג</ManufacturerItemDescription>
      <UnitQty>גרמים</UnitQty>
      <Quantity>50.00</Quantity>
      <bIsWeighted>0</bIsWeighted>
      <UnitOfMeasure>100 גרם</UnitOfMeasure>
      <QtyInPackage>1</QtyInPackage>
      <ItemPrice>14.90</ItemPrice>
      <UnitOfMeasurePrice>29.80</UnitOfMeasurePrice>
      <AllowDiscount>1</AllowDiscount>
      <ItemStatus>1</ItemStatus>
    </Item>
    <Item>
      <PriceUpdateDate>2024-12-25 06:50</PriceUpdateDate>
      <ItemCode>7290018265260</ItemCode>
      <ItemType>1</ItemType>
      <ItemName>ארוחת קארי שעועית אדומה</ItemName>
      <ManufacturerName>פאזלני אקספורטס</ManufacturerName>
      <ManufactureCountry>IN</ManufactureCountry>
      <ManufacturerItemDescription>ארוחת קארי שעועי</ManufacturerItemDescription>
      <UnitQty>גרמים</UnitQty>
      <Quantity>300.00</Quantity>
      <bIsWeighted>0</bIsWeighted>
      <UnitOfMeasure>100 גרם</UnitOfMeasure>
      <QtyInPackage>1</QtyInPackage>
      <ItemPrice>24.90</ItemPrice>
      <UnitOfMeasurePrice>8.30</UnitOfMeasurePrice>
      <AllowDiscount>1</AllowDiscount>
      <ItemStatus>1</ItemStatus>
    </Item>
    <Item>
      <PriceUpdateDate>2024-12-25 06:50</PriceUpdateDate>
      <ItemCode>7290018608975</ItemCode>
      <ItemType>1</ItemType>
      <ItemName>כפפות ניטריל שחורותM 100</ItemName>
      <ManufacturerName>ר.שמאי</ManufacturerName>
      <ManufactureCountry>CN</ManufactureCountry>
      <ManufacturerItemDescription>כפפות ניטריל שחורותM 100</ManufacturerItemDescription>
      <UnitQty>יחידה</UnitQty>
      <Quantity>1.00</Quantity>
      <bIsWeighted>0</bIsWeighted>
      <UnitOfMeasure>יחידה</UnitOfMeasure>
      <QtyInPackage>1</QtyInPackage>
      <ItemPrice>24.90</ItemPrice>
      <UnitOfMeasurePrice>24.90</UnitOfMeasurePrice>
      <AllowDiscount>1</AllowDiscount>
      <ItemStatus>1</ItemStatus>
    </Item>
    <Item>
      <PriceUpdateDate>2024-12-25 06:50</PriceUpdateDate>
      <ItemCode>7290018608982</ItemCode>
      <ItemType>1</ItemType>
      <ItemName>כפפות ניטריל שחורותL 100</ItemName>
      <ManufacturerName>ר.שמאי</ManufacturerName>
      <ManufactureCountry>CN</ManufactureCountry>
      <ManufacturerItemDescription>כפפות ניטריל שחורותL 100</ManufacturerItemDescription>
      <UnitQty>יחידה</UnitQty>
      <Quantity>1.00</Quantity>
      <bIsWeighted>0</bIsWeighted>
      <UnitOfMeasure>יחידה</UnitOfMeasure>
      <QtyInPackage>1</QtyInPackage>
      <ItemPrice>24.90</ItemPrice>
      <UnitOfMeasurePrice>24.90</UnitOfMeasurePrice>
      <AllowDiscount>1</AllowDiscount>
      <ItemStatus>0</ItemStatus>
    </Item>
    <Item>
      <PriceUpdateDate>2024-12-25 06:50</PriceUpdateDate>
      <ItemCode>7290018652886</ItemCode>
      <ItemType>1</ItemType>
      <ItemName>מאגדת שוקו בננה מצופים</ItemName>
      <ManufacturerName>---</ManufacturerName>
      <ManufactureCountry>IL</ManufactureCountry>
      <ManufacturerItemDescription>מאגדת שוקו בננה</ManufacturerItemDescription>
      <UnitQty>גרמים</UnitQty>
      <Quantity>476.00</Quantity>
      <bIsWeighted>0</bIsWeighted>
      <UnitOfMeasure>100 גרם</UnitOfMeasure>
      <QtyInPackage>1</QtyInPackage>
      <ItemPrice>31.90</ItemPrice>
      <UnitOfMeasurePrice>6.70</UnitOfMeasurePrice>
      <AllowDiscount>1</AllowDiscount>
      <ItemStatus>0</ItemStatus>
    </Item>
    <Item>
      <PriceUpdateDate>2024-12-25 07:00</PriceUpdateDate>
      <ItemCode>7290018663004</ItemCode>
      <ItemType>1</ItemType>
      <ItemName>קוביות סלק חתוך ומבושל</ItemName>
      <ManufacturerName>נזיג תאגיד מזון</ManufacturerName>
      <ManufactureCountry>IL</ManufactureCountry>
      <ManufacturerItemDescription>קוביות סלק חתוך ומבושל</ManufacturerItemDescription>
      <UnitQty>גרמים</UnitQty>
      <Quantity>500.00</Quantity>
      <bIsWeighted>0</bIsWeighted>
      <UnitOfMeasure>100 גרם</UnitOfMeasure>
      <QtyInPackage>1</QtyInPackage>
      <ItemPrice>8.90</ItemPrice>
      <UnitOfMeasurePrice>1.78</UnitOfMeasurePrice>
      <AllowDiscount>1</AllowDiscount>
      <ItemStatus>1</ItemStatus>
    </Item>
    <Item>
      <PriceUpdateDate>2024-12-25 06:40</PriceUpdateDate>
      <ItemCode>7290018921067</ItemCode>
      <ItemType>1</ItemType>
      <ItemName>תחליב רחצה שקדים 700 מ"ל</ItemName>
      <ManufacturerName>פישר מעבדות פרמצבטיות בע</ManufacturerName>
      <ManufactureCountry>IL</ManufactureCountry>
      <ManufacturerItemDescription>תחליב רחצה שקדים</ManufacturerItemDescription>
      <UnitQty>מיליליטרים</UnitQty>
      <Quantity>700.00</Quantity>
      <bIsWeighted>0</bIsWeighted>
      <UnitOfMeasure>100 מ"ל</UnitOfMeasure>
      <QtyInPackage>1</QtyInPackage>
      <ItemPrice>18.90</ItemPrice>
      <UnitOfMeasurePrice>2.70</UnitOfMeasurePrice>
      <AllowDiscount>1</AllowDiscount>
      <ItemStatus>0</ItemStatus>
    </Item>
    <Item>
      <PriceUpdateDate>2024-12-25 12:17</PriceUpdateDate>
      <ItemCode>7290019048060</ItemCode>
      <ItemType>1</ItemType>
      <ItemName>מארז מקופלת למון גראס יח</ItemName>
      <ManufacturerName>ניקנור</ManufacturerName>
      <ManufactureCountry>CN</ManufactureCountry>
      <ManufacturerItemDescription>מארז מקופלת למון</ManufacturerItemDescription>
      <UnitQty>יחידה</UnitQty>
      <Quantity>1.00</Quantity>
      <bIsWeighted>0</bIsWeighted>
      <UnitOfMeasure>יחידה</UnitOfMeasure>
      <QtyInPackage>1</QtyInPackage>
      <ItemPrice>30.90</ItemPrice>
      <UnitOfMeasurePrice>30.90</UnitOfMeasurePrice>
      <AllowDiscount>1</AllowDiscount>
      <ItemStatus>1</ItemStatus>
    </Item>
    <Item>
      <PriceUpdateDate>2024-12-25 06:50</PriceUpdateDate>
      <ItemCode>7290019204084</ItemCode>
      <ItemType>1</ItemType>
      <ItemName>נגיסי בקר ישרל'ה</ItemName>
      <ManufacturerName>עוף טוב</ManufacturerName>
      <ManufactureCountry>IL</ManufactureCountry>
      <ManufacturerItemDescription>נגיסי בקר ישרלה</ManufacturerItemDescription>
      <UnitQty>גרמים</UnitQty>
      <Quantity>600.00</Quantity>
      <bIsWeighted>0</bIsWeighted>
      <UnitOfMeasure>100 גרם</UnitOfMeasure>
      <QtyInPackage>1</QtyInPackage>
      <ItemPrice>42.90</ItemPrice>
      <UnitOfMeasurePrice>7.15</UnitOfMeasurePrice>
      <AllowDiscount>1</AllowDiscount>
      <ItemStatus>1</ItemStatus>
    </Item>
    <Item>
      <PriceUpdateDate>2024-12-25 06:50</PriceUpdateDate>
      <ItemCode>7290019274056</ItemCode>
      <ItemType>1</ItemType>
      <ItemName>נוזל רצפה בייבי לאב1.35ל</ItemName>
      <ManufacturerName>סאסאטק אגש"\ח בע"\מ</ManufacturerName>
      <ManufactureCountry>IL</ManufactureCountry>
      <ManufacturerItemDescription>נוזל רצפה בייבי</ManufacturerItemDescription>
      <UnitQty>ליטרים</UnitQty>
      <Quantity>1.35</Quantity>
      <bIsWeighted>0</bIsWeighted>
      <UnitOfMeasure>ליטר</UnitOfMeasure>
      <QtyInPackage>1</QtyInPackage>
      <ItemPrice>22.90</ItemPrice>
      <UnitOfMeasurePrice>16.97</UnitOfMeasurePrice>
      <AllowDiscount>1</AllowDiscount>
      <ItemStatus>1</ItemStatus>
    </Item>
    <Item>
      <PriceUpdateDate>2024-12-25 06:40</PriceUpdateDate>
      <ItemCode>7290019274551</ItemCode>
      <ItemType>1</ItemType>
      <ItemName>מבשם בדים ניו בורן 500 מ</ItemName>
      <ManufacturerName>סאסאטק אגש"\ח בע"\מ</ManufacturerName>
      <ManufactureCountry>IL</ManufactureCountry>
      <ManufacturerItemDescription>מבשם בדים</ManufacturerItemDescription>
      <UnitQty>מיליליטרים</UnitQty>
      <Quantity>500.00</Quantity>
      <bIsWeighted>0</bIsWeighted>
      <UnitOfMeasure>100 מ"ל</UnitOfMeasure>
      <QtyInPackage>1</QtyInPackage>
      <ItemPrice>21.90</ItemPrice>
      <UnitOfMeasurePrice>4.38</UnitOfMeasurePrice>
      <AllowDiscount>1</AllowDiscount>
      <ItemStatus>0</ItemStatus>
    </Item>
    <Item>
      <PriceUpdateDate>2024-12-25 06:50</PriceUpdateDate>
      <ItemCode>7290019502265</ItemCode>
      <ItemType>1</ItemType>
      <ItemName>קרם ידיים קולגן פרו100מל</ItemName>
      <ManufacturerName>פישר פרמצבטיות בע"\מ</ManufacturerName>
      <ManufactureCountry>IL</ManufactureCountry>
      <ManufacturerItemDescription>קרם ידיים קולגן פרו100מל</ManufacturerItemDescription>
      <UnitQty>מיליליטרים</UnitQty>
      <Quantity>100.00</Quantity>
      <bIsWeighted>0</bIsWeighted>
      <UnitOfMeasure>100 מ"ל</UnitOfMeasure>
      <QtyInPackage>1</QtyInPackage>
      <ItemPrice>17.90</ItemPrice>
      <UnitOfMeasurePrice>17.90</UnitOfMeasurePrice>
      <AllowDiscount>1</AllowDiscount>
      <ItemStatus>1</ItemStatus>
    </Item>
    <Item>
      <PriceUpdateDate>2024-12-25 06:50</PriceUpdateDate>
      <ItemCode>7290019621225</ItemCode>
      <ItemType>1</ItemType>
      <ItemName>חליטת חמדת הפקאן 25 שק'</ItemName>
      <ManufacturerName>ויסוצקי</ManufacturerName>
      <ManufactureCountry>IL</ManufactureCountry>
      <ManufacturerItemDescription>חליטת חמדת הפקאן</ManufacturerItemDescription>
      <UnitQty>גרמים</UnitQty>
      <Quantity>62.00</Quantity>
      <bIsWeighted>0</bIsWeighted>
      <UnitOfMeasure>100 גרם</UnitOfMeasure>
      <QtyInPackage>1</QtyInPackage>
      <ItemPrice>22.90</ItemPrice>
      <UnitOfMeasurePrice>36.94</UnitOfMeasurePrice>
      <AllowDiscount>1</AllowDiscount>
      <ItemStatus>1</ItemStatus>
    </Item>
    <Item>
      <PriceUpdateDate>2024-12-25 06:50</PriceUpdateDate>
      <ItemCode>7290019635352</ItemCode>
      <ItemType>1</ItemType>
      <ItemName>קרם ריקוטה 16% 200 גרם</ItemName>
      <ManufacturerName>מחלבות גד</ManufacturerName>
      <ManufactureCountry>IL</ManufactureCountry>
      <ManufacturerItemDescription>קרם ריקוטה 16% 200 גרם</ManufacturerItemDescription>
      <UnitQty>גרמים</UnitQty>
      <Quantity>200.00</Quantity>
      <bIsWeighted>0</bIsWeighted>
      <UnitOfMeasure>100 גרם</UnitOfMeasure>
      <QtyInPackage>1</QtyInPackage>
      <ItemPrice>15.90</ItemPrice>
      <UnitOfMeasurePrice>7.95</UnitOfMeasurePrice>
      <AllowDiscount>1</AllowDiscount>
      <ItemStatus>1</ItemStatus>
    </Item>
    <Item>
      <PriceUpdateDate>2024-12-25 07:00</PriceUpdateDate>
      <ItemCode>7290020188007</ItemCode>
      <ItemType>1</ItemType>
      <ItemName>מ.ניקוי בריח לימון400XPO</ItemName>
      <ManufacturerName>---</ManufacturerName>
      <ManufactureCountry>IL</ManufactureCountry>
      <ManufacturerItemDescription>מ.ניקוי בריח לימון400XPO</ManufacturerItemDescription>
      <UnitQty>יחידה</UnitQty>
      <Quantity>1.00</Quantity>
      <bIsWeighted>0</bIsWeighted>
      <UnitOfMeasure>יחידה</UnitOfMeasure>
      <QtyInPackage>1</QtyInPackage>
      <ItemPrice>25.90</ItemPrice>
      <UnitOfMeasurePrice>25.90</UnitOfMeasurePrice>
      <AllowDiscount>1</AllowDiscount>
      <ItemStatus>0</ItemStatus>
    </Item>
    <Item>
      <PriceUpdateDate>2024-12-25 07:00</PriceUpdateDate>
      <ItemCode>7290020188120</ItemCode>
      <ItemType>1</ItemType>
      <ItemName>נוזל כלים24%לימון XPO1.5</ItemName>
      <ManufacturerName>סאסאטק אגש"\ח בע"\מ</ManufacturerName>
      <ManufactureCountry>IL</ManufactureCountry>
      <ManufacturerItemDescription>נוזל כלים24%לימון XPO1.5</ManufacturerItemDescription>
      <UnitQty>ליטרים</UnitQty>
      <Quantity>1.50</Quantity>
      <bIsWeighted>0</bIsWeighted>
      <UnitOfMeasure>ליטר</UnitOfMeasure>
      <QtyInPackage>1</QtyInPackage>
      <ItemPrice>13.90</ItemPrice>
      <UnitOfMeasurePrice>9.27</UnitOfMeasurePrice>
      <AllowDiscount>1</AllowDiscount>
      <ItemStatus>0</ItemStatus>
    </Item>
    <Item>
      <PriceUpdateDate>2024-12-25 06:40</PriceUpdateDate>
      <ItemCode>7290022005562</ItemCode>
      <ItemType>1</ItemType>
      <ItemName>פירורי לחם קריספ+שום300ג</ItemName>
      <ManufacturerName>---</ManufacturerName>
      <ManufactureCountry>IL</ManufactureCountry>
      <ManufacturerItemDescription>פירורי לחם קריספ+שום300ג</ManufacturerItemDescription>
      <UnitQty>גרמים</UnitQty>
      <Quantity>300.00</Quantity>
      <bIsWeighted>0</bIsWeighted>
      <UnitOfMeasure>100 גרם</UnitOfMeasure>
      <QtyInPackage>1</QtyInPackage>
      <ItemPrice>9.90</ItemPrice>
      <UnitOfMeasurePrice>3.30</UnitOfMeasurePrice>
      <AllowDiscount>1</AllowDiscount>
      <ItemStatus>1</ItemStatus>
    </Item>
    <Item>
      <PriceUpdateDate>2024-12-25 06:20</PriceUpdateDate>
      <ItemCode>7290102390427</ItemCode>
      <ItemType>1</ItemType>
      <ItemName>יוגורט תות מולר 150 מ"ל</ItemName>
      <ManufacturerName>טרה</ManufacturerName>
      <ManufactureCountry>IL</ManufactureCountry>
      <ManufacturerItemDescription>יוגורט מולר תות</ManufacturerItemDescription>
      <UnitQty>מיליליטרים</UnitQty>
      <Quantity>150.00</Quantity>
      <bIsWeighted>0</bIsWeighted>
      <UnitOfMeasure>100 מ"ל</UnitOfMeasure>
      <QtyInPackage>0</QtyInPackage>
      <ItemPrice>6.10</ItemPrice>
      <UnitOfMeasurePrice>4.07</UnitOfMeasurePrice>
      <AllowDiscount>1</AllowDiscount>
      <ItemStatus>1</ItemStatus>
    </Item>
    <Item>
      <PriceUpdateDate>2024-12-25 06:30</PriceUpdateDate>
      <ItemCode>7290102398577</ItemCode>
      <ItemType>1</ItemType>
      <ItemName>שוקו מועשר טרה בקבוק250מ</ItemName>
      <ManufacturerName>מילקו תעשיות בעמ</ManufacturerName>
      <ManufactureCountry>IL</ManufactureCountry>
      <ManufacturerItemDescription>שוקו בבקבוק טרה</ManufacturerItemDescription>
      <UnitQty>מיליליטרים</UnitQty>
      <Quantity>250.00</Quantity>
      <bIsWeighted>0</bIsWeighted>
      <UnitOfMeasure>100 מ"ל</UnitOfMeasure>
      <QtyInPackage>1</QtyInPackage>
      <ItemPrice>6.30</ItemPrice>
      <UnitOfMeasurePrice>2.52</UnitOfMeasurePrice>
      <AllowDiscount>1</AllowDiscount>
      <ItemStatus>1</ItemStatus>
    </Item>
    <Item>
      <PriceUpdateDate>2024-12-25 07:00</PriceUpdateDate>
      <ItemCode>7290103706210</ItemCode>
      <ItemType>1</ItemType>
      <ItemName>נייר טואלט XPOדו שכבתי24</ItemName>
      <ManufacturerName>שניב תעשיות נייר</ManufacturerName>
      <ManufactureCountry>IL</ManufactureCountry>
      <ManufacturerItemDescription>נייר טואלט XPO</ManufacturerItemDescription>
      <UnitQty>יחידה</UnitQty>
      <Quantity>1.00</Quantity>
      <bIsWeighted>0</bIsWeighted>
      <UnitOfMeasure>יחידה</UnitOfMeasure>
      <QtyInPackage>1</QtyInPackage>
      <ItemPrice>24.90</ItemPrice>
      <UnitOfMeasurePrice>24.90</UnitOfMeasurePrice>
      <AllowDiscount>1</AllowDiscount>
      <ItemStatus>1</ItemStatus>
    </Item>
    <Item>
      <PriceUpdateDate>2024-12-25 06:20</PriceUpdateDate>
      <ItemCode>7290104065187</ItemCode>
      <ItemType>1</ItemType>
      <ItemName>קפה נמס מוקה 200 גרם</ItemName>
      <ManufacturerName>שטראוס קפה בי.וי.</ManufacturerName>
      <ManufactureCountry>IL</ManufactureCountry>
      <ManufacturerItemDescription>קפה נמס מוקה</ManufacturerItemDescription>
      <UnitQty>גרמים</UnitQty>
      <Quantity>200.00</Quantity>
      <bIsWeighted>0</bIsWeighted>
      <UnitOfMeasure>100 גרם</UnitOfMeasure>
      <QtyInPackage>0</QtyInPackage>
      <ItemPrice>25.90</ItemPrice>
      <UnitOfMeasurePrice>12.95</UnitOfMeasurePrice>
      <AllowDiscount>1</AllowDiscount>
      <ItemStatus>0</ItemStatus>
    </Item>
    <Item>
      <PriceUpdateDate>2024-12-25 12:16</PriceUpdateDate>
      <ItemCode>7290104964084</ItemCode>
      <ItemType>1</ItemType>
      <ItemName>EFFECT MULTI קרם יום</ItemName>
      <ManufacturerName>פאר פארם בעמ</ManufacturerName>
      <ManufactureCountry>IL</ManufactureCountry>
      <ManufacturerItemDescription>EFFECT MULTI קרם</ManufacturerItemDescription>
      <UnitQty>מיליליטרים</UnitQty>
      <Quantity>50.00</Quantity>
      <bIsWeighted>0</bIsWeighted>
      <UnitOfMeasure>100 מ"ל</UnitOfMeasure>
      <QtyInPackage>1</QtyInPackage>
      <ItemPrice>49.90</ItemPrice>
      <UnitOfMeasurePrice>99.80</UnitOfMeasurePrice>
      <AllowDiscount>1</AllowDiscount>
      <ItemStatus>1</ItemStatus>
    </Item>
    <Item>
      <PriceUpdateDate>2024-12-25 12:16</PriceUpdateDate>
      <ItemCode>7290104964091</ItemCode>
      <ItemType>1</ItemType>
      <ItemName>EFFECT MULTI קרם לילה50מ</ItemName>
      <ManufacturerName>פאר פארם בעמ</ManufacturerName>
      <ManufactureCountry>IL</ManufactureCountry>
      <ManufacturerItemDescription>קרם לילה</ManufacturerItemDescription>
      <UnitQty>מיליליטרים</UnitQty>
      <Quantity>50.00</Quantity>
      <bIsWeighted>0</bIsWeighted>
      <UnitOfMeasure>100 מ"ל</UnitOfMeasure>
      <QtyInPackage>1</QtyInPackage>
      <ItemPrice>49.90</ItemPrice>
      <UnitOfMeasurePrice>99.80</UnitOfMeasurePrice>
      <AllowDiscount>1</AllowDiscount>
      <ItemStatus>1</ItemStatus>
    </Item>
    <Item>
      <PriceUpdateDate>2024-12-25 12:16</PriceUpdateDate>
      <ItemCode>7290104964107</ItemCode>
      <ItemType>1</ItemType>
      <ItemName>EFFECT MULTI קרם עיניים</ItemName>
      <ManufacturerName>פאר פארם בעמ</ManufacturerName>
      <ManufactureCountry>IL</ManufactureCountry>
      <ManufacturerItemDescription>EFFECT MULTI קרם</ManufacturerItemDescription>
      <UnitQty>מיליליטרים</UnitQty>
      <Quantity>30.00</Quantity>
      <bIsWeighted>0</bIsWeighted>
      <UnitOfMeasure>100 מ"ל</UnitOfMeasure>
      <QtyInPackage>1</QtyInPackage>
      <ItemPrice>49.90</ItemPrice>
      <UnitOfMeasurePrice>166.33</UnitOfMeasurePrice>
      <AllowDiscount>1</AllowDiscount>
      <ItemStatus>1</ItemStatus>
    </Item>
    <Item>
      <PriceUpdateDate>2024-12-25 12:16</PriceUpdateDate>
      <ItemCode>7290104964213</ItemCode>
      <ItemType>1</ItemType>
      <ItemName>דאבל סקרב פילינג פנים150</ItemName>
      <ManufacturerName>פארפארם בעמ</ManufacturerName>
      <ManufactureCountry>IL</ManufactureCountry>
      <ManufacturerItemDescription>דאבל סקרב פילינג פנים150</ManufacturerItemDescription>
      <UnitQty>מיליליטרים</UnitQty>
      <Quantity>150.00</Quantity>
      <bIsWeighted>0</bIsWeighted>
      <UnitOfMeasure>100 מ"ל</UnitOfMeasure>
      <QtyInPackage>1</QtyInPackage>
      <ItemPrice>39.90</ItemPrice>
      <UnitOfMeasurePrice>26.60</UnitOfMeasurePrice>
      <AllowDiscount>1</AllowDiscount>
      <ItemStatus>1</ItemStatus>
    </Item>
    <Item>
      <PriceUpdateDate>2024-12-25 12:16</PriceUpdateDate>
      <ItemCode>7290104964220</ItemCode>
      <ItemType>1</ItemType>
      <ItemName>ג'ל מרענן ניקוי פנים300מ</ItemName>
      <ManufacturerName>אמיליה קוסמטיקס</ManufacturerName>
      <ManufactureCountry>IL</ManufactureCountry>
      <ManufacturerItemDescription>ג'ל לניקוי פנים</ManufacturerItemDescription>
      <UnitQty>מיליליטרים</UnitQty>
      <Quantity>300.00</Quantity>
      <bIsWeighted>0</bIsWeighted>
      <UnitOfMeasure>100 מ"ל</UnitOfMeasure>
      <QtyInPackage>1</QtyInPackage>
      <ItemPrice>39.90</ItemPrice>
      <UnitOfMeasurePrice>13.30</UnitOfMeasurePrice>
      <AllowDiscount>1</AllowDiscount>
      <ItemStatus>1</ItemStatus>
    </Item>
    <Item>
      <PriceUpdateDate>2024-12-25 12:16</PriceUpdateDate>
      <ItemCode>7290104964251</ItemCode>
      <ItemType>1</ItemType>
      <ItemName>תרחיץ פנים פ.משולשת150מל</ItemName>
      <ManufacturerName>קוסמופארם</ManufacturerName>
      <ManufactureCountry>IL</ManufactureCountry>
      <ManufacturerItemDescription>תרחיץ פנים</ManufacturerItemDescription>
      <UnitQty>מיליליטרים</UnitQty>
      <Quantity>150.00</Quantity>
      <bIsWeighted>0</bIsWeighted>
      <UnitOfMeasure>100 מ"ל</UnitOfMeasure>
      <QtyInPackage>1</QtyInPackage>
      <ItemPrice>39.90</ItemPrice>
      <UnitOfMeasurePrice>26.60</UnitOfMeasurePrice>
      <AllowDiscount>1</AllowDiscount>
      <ItemStatus>1</ItemStatus>
    </Item>
    <Item>
      <PriceUpdateDate>2024-12-25 12:16</PriceUpdateDate>
      <ItemCode>7290104965555</ItemCode>
      <ItemType>1</ItemType>
      <ItemName>מיס קו א.ד.פ לאשה 100מ"ל</ItemName>
      <ManufacturerName>קרליין</ManufacturerName>
      <ManufactureCountry>IL</ManufactureCountry>
      <ManufacturerItemDescription>מיס קו א.ד.פ לאש</ManufacturerItemDescription>
      <UnitQty>מיליליטרים</UnitQty>
      <Quantity>100.00</Quantity>
      <bIsWeighted>0</bIsWeighted>
      <UnitOfMeasure>100 מ"ל</UnitOfMeasure>
      <QtyInPackage>1</QtyInPackage>
      <ItemPrice>152.90</ItemPrice>
      <UnitOfMeasurePrice>152.90</UnitOfMeasurePrice>
      <AllowDiscount>1</AllowDiscount>
      <ItemStatus>1</ItemStatus>
    </Item>
    <Item>
      <PriceUpdateDate>2024-12-25 06:50</PriceUpdateDate>
      <ItemCode>7290104965739</ItemCode>
      <ItemType>1</ItemType>
      <ItemName>קרליין שמפו מאצ'ה מלפפון</ItemName>
      <ManufacturerName>קוסמופארם בעמ</ManufacturerName>
      <ManufactureCountry>IL</ManufactureCountry>
      <ManufacturerItemDescription>שמפו מאצ'ה ומלפפ</ManufacturerItemDescription>
      <UnitQty>מיליליטרים</UnitQty>
      <Quantity>700.00</Quantity>
      <bIsWeighted>0</bIsWeighted>
      <UnitOfMeasure>100 מ"ל</UnitOfMeasure>
      <QtyInPackage>1</QtyInPackage>
      <ItemPrice>14.90</ItemPrice>
      <UnitOfMeasurePrice>2.13</UnitOfMeasurePrice>
      <AllowDiscount>1</AllowDiscount>
      <ItemStatus>0</ItemStatus>
    </Item>
    <Item>
      <PriceUpdateDate>2024-12-25 06:50</PriceUpdateDate>
      <ItemCode>7290104965807</ItemCode>
      <ItemType>1</ItemType>
      <ItemName>דאו.ספריי קול צ'אלנג150'</ItemName>
      <ManufacturerName>קוסטר אירוסול</ManufacturerName>
      <ManufactureCountry>TR</ManufactureCountry>
      <ManufacturerItemDescription>דאו.ספריי קול צ'</ManufacturerItemDescription>
      <UnitQty>מיליליטרים</UnitQty>
      <Quantity>150.00</Quantity>
      <bIsWeighted>0</bIsWeighted>
      <UnitOfMeasure>100 מ"ל</UnitOfMeasure>
      <QtyInPackage>1</QtyInPackage>
      <ItemPrice>16.90</ItemPrice>
      <UnitOfMeasurePrice>11.27</UnitOfMeasurePrice>
      <AllowDiscount>1</AllowDiscount>
      <ItemStatus>0</ItemStatus>
    </Item>
    <Item>
      <PriceUpdateDate>2024-12-25 06:30</PriceUpdateDate>
      <ItemCode>7290105434050</ItemCode>
      <ItemType>1</ItemType>
      <ItemName>דאו. ספיד סטיק</ItemName>
      <ManufacturerName>קולגייט-פלמוליב</ManufacturerName>
      <ManufactureCountry>US</ManufactureCountry>
      <ManufacturerItemDescription>דאו. ספיד סטיק</ManufacturerItemDescription>
      <UnitQty>יחידה</UnitQty>
      <Quantity>1.00</Quantity>
      <bIsWeighted>0</bIsWeighted>
      <UnitOfMeasure>יחידה</UnitOfMeasure>
      <QtyInPackage>0</QtyInPackage>
      <ItemPrice>23.50</ItemPrice>
      <UnitOfMeasurePrice>23.50</UnitOfMeasurePrice>
      <AllowDiscount>1</AllowDiscount>
      <ItemStatus>0</ItemStatus>
    </Item>
    <Item>
      <PriceUpdateDate>2024-12-25 06:30</PriceUpdateDate>
      <ItemCode>7290106269163</ItemCode>
      <ItemType>1</ItemType>
      <ItemName>קלואה נואמד אשה אדפ 75מל</ItemName>
      <ManufacturerName>טרי מוגלר</ManufacturerName>
      <ManufactureCountry>FR</ManufactureCountry>
      <ManufacturerItemDescription>קלאוה נואמד אשה</ManufacturerItemDescription>
      <UnitQty>מיליליטרים</UnitQty>
      <Quantity>75.00</Quantity>
      <bIsWeighted>0</bIsWeighted>
      <UnitOfMeasure>100 מ"ל</UnitOfMeasure>
      <QtyInPackage>1</QtyInPackage>
      <ItemPrice>489.00</ItemPrice>
      <UnitOfMeasurePrice>652.00</UnitOfMeasurePrice>
      <AllowDiscount>1</AllowDiscount>
      <ItemStatus>0</ItemStatus>
    </Item>
    <Item>
      <PriceUpdateDate>2024-12-25 06:30</PriceUpdateDate>
      <ItemCode>7290106576858</ItemCode>
      <ItemType>1</ItemType>
      <ItemName>לה קרמריה תותים</ItemName>
      <ManufacturerName>---</ManufacturerName>
      <ManufactureCountry>IL</ManufactureCountry>
      <ManufacturerItemDescription>לה קרמריה</ManufacturerItemDescription>
      <UnitQty>ליטרים</UnitQty>
      <Quantity>1.40</Quantity>
      <bIsWeighted>0</bIsWeighted>
      <UnitOfMeasure>ליטר</UnitOfMeasure>
      <QtyInPackage>0</QtyInPackage>
      <ItemPrice>21.90</ItemPrice>
      <UnitOfMeasurePrice>15.64</UnitOfMeasurePrice>
      <AllowDiscount>1</AllowDiscount>
      <ItemStatus>0</ItemStatus>
    </Item>
    <Item>
      <PriceUpdateDate>2024-12-25 06:30</PriceUpdateDate>
      <ItemCode>7290106654099</ItemCode>
      <ItemType>1</ItemType>
      <ItemName>מילקי קייק 34*8 גרם</ItemName>
      <ManufacturerName>בובארד איטליה אס.פי.איי</ManufacturerName>
      <ManufactureCountry>IT</ManufactureCountry>
      <ManufacturerItemDescription>מילקי קייק 8 יח'</ManufacturerItemDescription>
      <UnitQty>גרמים</UnitQty>
      <Quantity>272.00</Quantity>
      <bIsWeighted>0</bIsWeighted>
      <UnitOfMeasure>100 גרם</UnitOfMeasure>
      <QtyInPackage>1</QtyInPackage>
      <ItemPrice>21.90</ItemPrice>
      <UnitOfMeasurePrice>8.05</UnitOfMeasurePrice>
      <AllowDiscount>1</AllowDiscount>
      <ItemStatus>0</ItemStatus>
    </Item>
    <Item>
      <PriceUpdateDate>2024-12-25 06:30</PriceUpdateDate>
      <ItemCode>7290106720626</ItemCode>
      <ItemType>1</ItemType>
      <ItemName>ציטוס גבינה 80 גרם</ItemName>
      <ManufacturerName>שטראוס פריטו ליי בע"\מ )</ManufacturerName>
      <ManufactureCountry>IL</ManufactureCountry>
      <ManufacturerItemDescription>ציטוס גבינה</ManufacturerItemDescription>
      <UnitQty>גרמים</UnitQty>
      <Quantity>80.00</Quantity>
      <bIsWeighted>0</bIsWeighted>
      <UnitOfMeasure>100 גרם</UnitOfMeasure>
      <QtyInPackage>1</QtyInPackage>
      <ItemPrice>5.50</ItemPrice>
      <UnitOfMeasurePrice>6.88</UnitOfMeasurePrice>
      <AllowDiscount>1</AllowDiscount>
      <ItemStatus>1</ItemStatus>
    </Item>
    <Item>
      <PriceUpdateDate>2024-12-25 06:30</PriceUpdateDate>
      <ItemCode>7290107280068</ItemCode>
      <ItemType>1</ItemType>
      <ItemName>תבניות אלומיניום לאפיהXL</ItemName>
      <ManufacturerName>סנו מפעלי ברונוס בעמ</ManufacturerName>
      <ManufactureCountry>CN</ManufactureCountry>
      <ManufacturerItemDescription>תבניות אלומיניום</ManufacturerItemDescription>
      <UnitQty>יחידה</UnitQty>
      <Quantity>1.00</Quantity>
      <bIsWeighted>0</bIsWeighted>
      <UnitOfMeasure>יחידה</UnitOfMeasure>
      <QtyInPackage>1</QtyInPackage>
      <ItemPrice>10.90</ItemPrice>
      <UnitOfMeasurePrice>10.90</UnitOfMeasurePrice>
      <AllowDiscount>1</AllowDiscount>
      <ItemStatus>1</ItemStatus>
    </Item>
    <Item>
      <PriceUpdateDate>2024-12-25 06:30</PriceUpdateDate>
      <ItemCode>7290107280075</ItemCode>
      <ItemType>1</ItemType>
      <ItemName>תבניות אלומיניום לאפיהL</ItemName>
      <ManufacturerName>סנו מפעלי ברונוס בעמ</ManufacturerName>
      <ManufactureCountry>CN</ManufactureCountry>
      <ManufacturerItemDescription>תבניות אלומיניום</ManufacturerItemDescription>
      <UnitQty>יחידה</UnitQty>
      <Quantity>1.00</Quantity>
      <bIsWeighted>0</bIsWeighted>
      <UnitOfMeasure>יחידה</UnitOfMeasure>
      <QtyInPackage>1</QtyInPackage>
      <ItemPrice>10.90</ItemPrice>
      <UnitOfMeasurePrice>10.90</UnitOfMeasurePrice>
      <AllowDiscount>1</AllowDiscount>
      <ItemStatus>1</ItemStatus>
    </Item>
    <Item>
      <PriceUpdateDate>2024-12-25 06:30</PriceUpdateDate>
      <ItemCode>7290107976848</ItemCode>
      <ItemType>1</ItemType>
      <ItemName>סבון פלמוליב קמומיל90*4</ItemName>
      <ManufacturerName>קולגייט-פלמוליב</ManufacturerName>
      <ManufactureCountry>TR</ManufactureCountry>
      <ManufacturerItemDescription>סבון פלמוליב 4יח</ManufacturerItemDescription>
      <UnitQty>גרמים</UnitQty>
      <Quantity>380.00</Quantity>
      <bIsWeighted>0</bIsWeighted>
      <UnitOfMeasure>100 גרם</UnitOfMeasure>
      <QtyInPackage>1</QtyInPackage>
      <ItemPrice>19.90</ItemPrice>
      <UnitOfMeasurePrice>5.24</UnitOfMeasurePrice>
      <AllowDiscount>1</AllowDiscount>
      <ItemStatus>1</ItemStatus>
    </Item>
    <Item>
      <PriceUpdateDate>2024-12-25 06:40</PriceUpdateDate>
      <ItemCode>7290108352153</ItemCode>
      <ItemType>1</ItemType>
      <ItemName>סנובון נוזלי לוטוס750מל</ItemName>
      <ManufacturerName>סנו מפעלי ברונוס בעמ</ManufacturerName>
      <ManufactureCountry>IL</ManufactureCountry>
      <ManufacturerItemDescription>סנובון נוזלי</ManufacturerItemDescription>
      <UnitQty>מיליליטרים</UnitQty>
      <Quantity>750.00</Quantity>
      <bIsWeighted>0</bIsWeighted>
      <UnitOfMeasure>100 מ"ל</UnitOfMeasure>
      <QtyInPackage>1</QtyInPackage>
      <ItemPrice>12.50</ItemPrice>
      <UnitOfMeasurePrice>1.67</UnitOfMeasurePrice>
      <AllowDiscount>1</AllowDiscount>
      <ItemStatus>0</ItemStatus>
    </Item>
    <Item>
      <PriceUpdateDate>2024-12-25 06:30</PriceUpdateDate>
      <ItemCode>7290108352641</ItemCode>
      <ItemType>1</ItemType>
      <ItemName>מטלית הפלא 3 יחידות</ItemName>
      <ManufacturerName>כללי</ManufacturerName>
      <ManufactureCountry>CN</ManufactureCountry>
      <ManufacturerItemDescription>מטליות הפלא 3 יח</ManufacturerItemDescription>
      <UnitQty>יחידה</UnitQty>
      <Quantity>1.00</Quantity>
      <bIsWeighted>0</bIsWeighted>
      <UnitOfMeasure>יחידה</UnitOfMeasure>
      <QtyInPackage>1</QtyInPackage>
      <ItemPrice>16.60</ItemPrice>
      <UnitOfMeasurePrice>16.60</UnitOfMeasurePrice>
      <AllowDiscount>1</AllowDiscount>
      <ItemStatus>1</ItemStatus>
    </Item>
    <Item>
      <PriceUpdateDate>2024-12-25 07:00</PriceUpdateDate>
      <ItemCode>7290108353822</ItemCode>
      <ItemType>1</ItemType>
      <ItemName>שמפו נקה7שיבולת שועל 750</ItemName>
      <ManufacturerName>קוסמופארם</ManufacturerName>
      <ManufactureCountry>IL</ManufactureCountry>
      <ManufacturerItemDescription>שמפו נקה 7</ManufacturerItemDescription>
      <UnitQty>מיליליטרים</UnitQty>
      <Quantity>750.00</Quantity>
      <bIsWeighted>0</bIsWeighted>
      <UnitOfMeasure>100 מ"ל</UnitOfMeasure>
      <QtyInPackage>1</QtyInPackage>
      <ItemPrice>12.90</ItemPrice>
      <UnitOfMeasurePrice>1.72</UnitOfMeasurePrice>
      <AllowDiscount>1</AllowDiscount>
      <ItemStatus>0</ItemStatus>
    </Item>
    <Item>
      <PriceUpdateDate>2024-12-25 06:40</PriceUpdateDate>
      <ItemCode>7290108353990</ItemCode>
      <ItemType>1</ItemType>
      <ItemName>קרם גוף קרמה מאסק 500 מל</ItemName>
      <ManufacturerName>קוסמופארם</ManufacturerName>
      <ManufactureCountry>IL</ManufactureCountry>
      <ManufacturerItemDescription>קרם גוף קרמה מאסק 500 מל</ManufacturerItemDescription>
      <UnitQty>מיליליטרים</UnitQty>
      <Quantity>500.00</Quantity>
      <bIsWeighted>0</bIsWeighted>
      <UnitOfMeasure>100 מ"ל</UnitOfMeasure>
      <QtyInPackage>1</QtyInPackage>
      <ItemPrice>25.90</ItemPrice>
      <UnitOfMeasurePrice>5.18</UnitOfMeasurePrice>
      <AllowDiscount>1</AllowDiscount>
      <ItemStatus>1</ItemStatus>
    </Item>
    <Item>
      <PriceUpdateDate>2024-12-25 07:00</PriceUpdateDate>
      <ItemCode>7290108356786</ItemCode>
      <ItemType>1</ItemType>
      <ItemName>מרכך לברק עם חומץ 700מ"ל</ItemName>
      <ManufacturerName>קוסמופארם</ManufacturerName>
      <ManufactureCountry>IL</ManufactureCountry>
      <ManufacturerItemDescription>מרכך כיף לברק</ManufacturerItemDescription>
      <UnitQty>מיליליטרים</UnitQty>
      <Quantity>700.00</Quantity>
      <bIsWeighted>0</bIsWeighted>
      <UnitOfMeasure>100 מ"ל</UnitOfMeasure>
      <QtyInPackage>1</QtyInPackage>
      <ItemPrice>13.90</ItemPrice>
      <UnitOfMeasurePrice>1.99</UnitOfMeasurePrice>
      <AllowDiscount>1</AllowDiscount>
      <ItemStatus>1</ItemStatus>
    </Item>
    <Item>
      <PriceUpdateDate>2024-12-25 07:00</PriceUpdateDate>
      <ItemCode>7290108356922</ItemCode>
      <ItemType>1</ItemType>
      <ItemName>ג'ל כביסה מרוכז 1.5 ליטר</ItemName>
      <ManufacturerName>סנו מפעלי ברונוס בע"\מ</ManufacturerName>
      <ManufactureCountry>IL</ManufactureCountry>
      <ManufacturerItemDescription>ג'ל כביסה ג'וי מ</ManufacturerItemDescription>
      <UnitQty>ליטרים</UnitQty>
      <Quantity>1.50</Quantity>
      <bIsWeighted>0</bIsWeighted>
      <UnitOfMeasure>ליטר</UnitOfMeasure>
      <QtyInPackage>1</QtyInPackage>
      <ItemPrice>32.90</ItemPrice>
      <UnitOfMeasurePrice>21.93</UnitOfMeasurePrice>
      <AllowDiscount>1</AllowDiscount>
      <ItemStatus>0</ItemStatus>
    </Item>
    <Item>
      <PriceUpdateDate>2024-12-25 06:40</PriceUpdateDate>
      <ItemCode>7290108357707</ItemCode>
      <ItemType>1</ItemType>
      <ItemName>כיף שמפו לשיער רגיל 700מ</ItemName>
      <ManufacturerName>קוסמופארם</ManufacturerName>
      <ManufactureCountry>IL</ManufactureCountry>
      <ManufacturerItemDescription>כיף שמפו</ManufacturerItemDescription>
      <UnitQty>מיליליטרים</UnitQty>
      <Quantity>700.00</Quantity>
      <bIsWeighted>0</bIsWeighted>
      <UnitOfMeasure>100 מ"ל</UnitOfMeasure>
      <QtyInPackage>1</QtyInPackage>
      <ItemPrice>13.90</ItemPrice>
      <UnitOfMeasurePrice>1.99</UnitOfMeasurePrice>
      <AllowDiscount>1</AllowDiscount>
      <ItemStatus>0</ItemStatus>
    </Item>
    <Item>
      <PriceUpdateDate>2024-12-25 07:00</PriceUpdateDate>
      <ItemCode>7290109580210</ItemCode>
      <ItemType>1</ItemType>
      <ItemName>נקניקיות עוף בקר הצרפתיה</ItemName>
      <ManufacturerName>---</ManufacturerName>
      <ManufactureCountry>IL</ManufactureCountry>
      <ManufacturerItemDescription>נקניקיות עוף בקר הצרפתיה</ManufacturerItemDescription>
      <UnitQty>גרמים</UnitQty>
      <Quantity>300.00</Quantity>
      <bIsWeighted>0</bIsWeighted>
      <UnitOfMeasure>100 גרם</UnitOfMeasure>
      <QtyInPackage>1</QtyInPackage>
      <ItemPrice>29.90</ItemPrice>
      <UnitOfMeasurePrice>9.97</UnitOfMeasurePrice>
      <AllowDiscount>1</AllowDiscount>
      <ItemStatus>1</ItemStatus>
    </Item>
    <Item>
      <PriceUpdateDate>2024-12-25 06:40</PriceUpdateDate>
      <ItemCode>7290109580487</ItemCode>
      <ItemType>1</ItemType>
      <ItemName>חטיפי תירס מן הצומח</ItemName>
      <ManufacturerName>זוגלובק</ManufacturerName>
      <ManufactureCountry>IL</ManufactureCountry>
      <ManufacturerItemDescription>חטיפי תירס מן הצומח</ManufacturerItemDescription>
      <UnitQty>גרמים</UnitQty>
      <Quantity>1000.00</Quantity>
      <bIsWeighted>0</bIsWeighted>
      <UnitOfMeasure>100 גרם</UnitOfMeasure>
      <QtyInPackage>1</QtyInPackage>
      <ItemPrice>45.90</ItemPrice>
      <UnitOfMeasurePrice>4.59</UnitOfMeasurePrice>
      <AllowDiscount>1</AllowDiscount>
      <ItemStatus>1</ItemStatus>
    </Item>
    <Item>
      <PriceUpdateDate>2024-12-25 07:00</PriceUpdateDate>
      <ItemCode>7290109580609</ItemCode>
      <ItemType>1</ItemType>
      <ItemName>פסטרמה גחלים 120 גרם דק</ItemName>
      <ManufacturerName>---</ManufacturerName>
      <ManufactureCountry>IL</ManufactureCountry>
      <ManufacturerItemDescription>פסטרמה גחלים 120 גרם דק</ManufacturerItemDescription>
      <UnitQty>גרמים</UnitQty>
      <Quantity>120.00</Quantity>
      <bIsWeighted>0</bIsWeighted>
      <UnitOfMeasure>100 גרם</UnitOfMeasure>
      <QtyInPackage>1</QtyInPackage>
      <ItemPrice>18.50</ItemPrice>
      <UnitOfMeasurePrice>15.42</UnitOfMeasurePrice>
      <AllowDiscount>1</AllowDiscount>
      <ItemStatus>1</ItemStatus>
    </Item>
    <Item>
      <PriceUpdateDate>2024-12-25 06:50</PriceUpdateDate>
      <ItemCode>7290109580739</ItemCode>
      <ItemType>1</ItemType>
      <ItemName>צוריסו נקניקיות עוף</ItemName>
      <ManufacturerName>---</ManufacturerName>
      <ManufactureCountry>IL</ManufactureCountry>
      <ManufacturerItemDescription>צוריסו נקניקיות עוף</ManufacturerItemDescription>
      <UnitQty>גרמים</UnitQty>
      <Quantity>300.00</Quantity>
      <bIsWeighted>0</bIsWeighted>
      <UnitOfMeasure>100 גרם</UnitOfMeasure>
      <QtyInPackage>1</QtyInPackage>
      <ItemPrice>29.90</ItemPrice>
      <UnitOfMeasurePrice>9.97</UnitOfMeasurePrice>
      <AllowDiscount>1</AllowDiscount>
      <ItemStatus>1</ItemStatus>
    </Item>
    <Item>
      <PriceUpdateDate>2024-12-25 07:00</PriceUpdateDate>
      <ItemCode>7290109640761</ItemCode>
      <ItemType>1</ItemType>
      <ItemName>מאפה בצק טבעוני פטה600</ItemName>
      <ManufacturerName>כללי</ManufacturerName>
      <ManufactureCountry>IL</ManufactureCountry>
      <ManufacturerItemDescription>מאפה בצק פטה</ManufacturerItemDescription>
      <UnitQty>גרמים</UnitQty>
      <Quantity>600.00</Quantity>
      <bIsWeighted>0</bIsWeighted>
      <UnitOfMeasure>100 גרם</UnitOfMeasure>
      <QtyInPackage>1</QtyInPackage>
      <ItemPrice>29.90</ItemPrice>
      <UnitOfMeasurePrice>4.98</UnitOfMeasurePrice>
      <AllowDiscount>1</AllowDiscount>
      <ItemStatus>1</ItemStatus>
    </Item>
    <Item>
      <PriceUpdateDate>2024-12-25 06:30</PriceUpdateDate>
      <ItemCode>7290110110574</ItemCode>
      <ItemType>1</ItemType>
      <ItemName>פחית קולה זירו לימון330מ</ItemName>
      <ManufacturerName>החברה המרכזית לייצור משק</ManufacturerName>
      <ManufactureCountry>IL</ManufactureCountry>
      <ManufacturerItemDescription>פחית קולה זירו</ManufacturerItemDescription>
      <UnitQty>מיליליטרים</UnitQty>
      <Quantity>330.00</Quantity>
      <bIsWeighted>0</bIsWeighted>
      <UnitOfMeasure>100 מ"ל</UnitOfMeasure>
      <QtyInPackage>1</QtyInPackage>
      <ItemPrice>5.90</ItemPrice>
      <UnitOfMeasurePrice>1.79</UnitOfMeasurePrice>
      <AllowDiscount>1</AllowDiscount>
      <ItemStatus>0</ItemStatus>
    </Item>
    <Item>
      <PriceUpdateDate>2024-12-25 06:30</PriceUpdateDate>
      <ItemCode>7290110110703</ItemCode>
      <ItemType>1</ItemType>
      <ItemName>ספרייט ליים פחיות330*6מל</ItemName>
      <ManufacturerName>החברה המרכזית לייצור משק</ManufacturerName>
      <ManufactureCountry>IL</ManufactureCountry>
      <ManufacturerItemDescription>ספרייט ליים 6 פח</ManufacturerItemDescription>
      <UnitQty>ליטרים</UnitQty>
      <Quantity>1.98</Quantity>
      <bIsWeighted>0</bIsWeighted>
      <UnitOfMeasure>ליטר</UnitOfMeasure>
      <QtyInPackage>1</QtyInPackage>
      <ItemPrice>24.90</ItemPrice>
      <UnitOfMeasurePrice>12.58</UnitOfMeasurePrice>
      <AllowDiscount>1</AllowDiscount>
      <ItemStatus>1</ItemStatus>
    </Item>
    <Item>
      <PriceUpdateDate>2024-12-25 07:00</PriceUpdateDate>
      <ItemCode>7290110113599</ItemCode>
      <ItemType>1</ItemType>
      <ItemName>נורדיק מיסט מי סודה 250</ItemName>
      <ManufacturerName>---</ManufacturerName>
      <ManufactureCountry>IL</ManufactureCountry>
      <ManufacturerItemDescription>נורדיק מיסט</ManufacturerItemDescription>
      <UnitQty>מיליליטרים</UnitQty>
      <Quantity>250.00</Quantity>
      <bIsWeighted>0</bIsWeighted>
      <UnitOfMeasure>100 מ"ל</UnitOfMeasure>
      <QtyInPackage>1</QtyInPackage>
      <ItemPrice>4.90</ItemPrice>
      <UnitOfMeasurePrice>1.96</UnitOfMeasurePrice>
      <AllowDiscount>1</AllowDiscount>
      <ItemStatus>1</ItemStatus>
    </Item>
    <Item>
      <PriceUpdateDate>2024-12-25 06:40</PriceUpdateDate>
      <ItemCode>7290110115371</ItemCode>
      <ItemType>1</ItemType>
      <ItemName>קוקה קולה דיאט 1.5*6ל</ItemName>
      <ManufacturerName>החברה המרכזית לייצור משק</ManufacturerName>
      <ManufactureCountry>IL</ManufactureCountry>
      <ManufacturerItemDescription>קולה דיאט1.5*6ל</ManufacturerItemDescription>
      <UnitQty>ליטרים</UnitQty>
      <Quantity>9.00</Quantity>
      <bIsWeighted>0</bIsWeighted>
      <UnitOfMeasure>ליטר</UnitOfMeasure>
      <QtyInPackage>0</QtyInPackage>
      <ItemPrice>45.90</ItemPrice>
      <UnitOfMeasurePrice>5.10</UnitOfMeasurePrice>
      <AllowDiscount>1</AllowDiscount>
      <ItemStatus>1</ItemStatus>
    </Item>
    <Item>
      <PriceUpdateDate>2024-12-25 06:50</PriceUpdateDate>
      <ItemCode>7290110117375</ItemCode>
      <ItemType>1</ItemType>
      <ItemName>נביעות +אבטיח 1.5 ליטר</ItemName>
      <ManufacturerName>נביעות טבע הגליל בעמ</ManufacturerName>
      <ManufactureCountry>IL</ManufactureCountry>
      <ManufacturerItemDescription>נביעות +אבטיח</ManufacturerItemDescription>
      <UnitQty>ליטרים</UnitQty>
      <Quantity>1.50</Quantity>
      <bIsWeighted>0</bIsWeighted>
      <UnitOfMeasure>ליטר</UnitOfMeasure>
      <QtyInPackage>1</QtyInPackage>
      <ItemPrice>9.90</ItemPrice>
      <UnitOfMeasurePrice>6.60</UnitOfMeasurePrice>
      <AllowDiscount>1</AllowDiscount>
      <ItemStatus>0</ItemStatus>
    </Item>
    <Item>
      <PriceUpdateDate>2024-12-25 07:00</PriceUpdateDate>
      <ItemCode>7290110117689</ItemCode>
      <ItemType>1</ItemType>
      <ItemName>ספרייט זירו לימון 1.5ל</ItemName>
      <ManufacturerName>החברה המרכזית לייצור משק</ManufacturerName>
      <ManufactureCountry>IL</ManufactureCountry>
      <ManufacturerItemDescription>ספרייט זירו</ManufacturerItemDescription>
      <UnitQty>ליטרים</UnitQty>
      <Quantity>1.50</Quantity>
      <bIsWeighted>0</bIsWeighted>
      <UnitOfMeasure>ליטר</UnitOfMeasure>
      <QtyInPackage>1</QtyInPackage>
      <ItemPrice>8.50</ItemPrice>
      <UnitOfMeasurePrice>5.67</UnitOfMeasurePrice>
      <AllowDiscount>1</AllowDiscount>
      <ItemStatus>0</ItemStatus>
    </Item>
    <Item>
      <PriceUpdateDate>2024-12-25 06:40</PriceUpdateDate>
      <ItemCode>7290110324773</ItemCode>
      <ItemType>1</ItemType>
      <ItemName>משק.חלב גו וניל+חלבון340</ItemName>
      <ManufacturerName>תנובה בע"\מ</ManufacturerName>
      <ManufactureCountry>IL</ManufactureCountry>
      <ManufacturerItemDescription>משקה חלב + חלבון</ManufacturerItemDescription>
      <UnitQty>גרמים</UnitQty>
      <Quantity>340.00</Quantity>
      <bIsWeighted>0</bIsWeighted>
      <UnitOfMeasure>100 גרם</UnitOfMeasure>
      <QtyInPackage>1</QtyInPackage>
      <ItemPrice>9.50</ItemPrice>
      <UnitOfMeasurePrice>2.79</UnitOfMeasurePrice>
      <AllowDiscount>1</AllowDiscount>
      <ItemStatus>1</ItemStatus>
    </Item>
    <Item>
      <PriceUpdateDate>2024-12-25 06:40</PriceUpdateDate>
      <ItemCode>7290110329846</ItemCode>
      <ItemType>1</ItemType>
      <ItemName>מעדן סויה ביו טבעי 150 ג</ItemName>
      <ManufacturerName>תנובה בע"\מ</ManufacturerName>
      <ManufactureCountry>IL</ManufactureCountry>
      <ManufacturerItemDescription>מעדן ביו טבעי</ManufacturerItemDescription>
      <UnitQty>גרמים</UnitQty>
      <Quantity>150.00</Quantity>
      <bIsWeighted>0</bIsWeighted>
      <UnitOfMeasure>100 גרם</UnitOfMeasure>
      <QtyInPackage>1</QtyInPackage>
      <ItemPrice>5.80</ItemPrice>
      <UnitOfMeasurePrice>3.87</UnitOfMeasurePrice>
      <AllowDiscount>1</AllowDiscount>
      <ItemStatus>0</ItemStatus>
    </Item>
    <Item>
      <PriceUpdateDate>2024-12-25 07:00</PriceUpdateDate>
      <ItemCode>7290111345753</ItemCode>
      <ItemType>1</ItemType>
      <ItemName>קוטקס תחבושות כותנה נורמ</ItemName>
      <ManufacturerName>---</ManufacturerName>
      <ManufactureCountry>CZ</ManufactureCountry>
      <ManufacturerItemDescription>תחבושות כותנה נו</ManufacturerItemDescription>
      <UnitQty>יחידה</UnitQty>
      <Quantity>1.00</Quantity>
      <bIsWeighted>0</bIsWeighted>
      <UnitOfMeasure>יחידה</UnitOfMeasure>
      <QtyInPackage>1</QtyInPackage>
      <ItemPrice>23.90</ItemPrice>
      <UnitOfMeasurePrice>23.90</UnitOfMeasurePrice>
      <AllowDiscount>1</AllowDiscount>
      <ItemStatus>0</ItemStatus>
    </Item>
    <Item>
      <PriceUpdateDate>2024-12-25 06:40</PriceUpdateDate>
      <ItemCode>7290111346460</ItemCode>
      <ItemType>1</ItemType>
      <ItemName>ניקול לרכב מטליות לחות80</ItemName>
      <ManufacturerName>---</ManufacturerName>
      <ManufactureCountry>IL</ManufactureCountry>
      <ManufacturerItemDescription>ניקול מטלית לרכב</ManufacturerItemDescription>
      <UnitQty>יחידה</UnitQty>
      <Quantity>1.00</Quantity>
      <bIsWeighted>0</bIsWeighted>
      <UnitOfMeasure>יחידה</UnitOfMeasure>
      <QtyInPackage>1</QtyInPackage>
      <ItemPrice>26.90</ItemPrice>
      <UnitOfMeasurePrice>26.90</UnitOfMeasurePrice>
      <AllowDiscount>1</AllowDiscount>
      <ItemStatus>1</ItemStatus>
    </Item>
    <Item>
      <PriceUpdateDate>2024-12-25 06:30</PriceUpdateDate>
      <ItemCode>7290111566561</ItemCode>
      <ItemType>1</ItemType>
      <ItemName>שניצל ברוקולי 99 קלוריות</ItemName>
      <ManufacturerName>טבעול</ManufacturerName>
      <ManufactureCountry>IL</ManufactureCountry>
      <ManufacturerItemDescription>שניצל ברוקולי 99 קלוריות</ManufacturerItemDescription>
      <UnitQty>גרמים</UnitQty>
      <Quantity>560.00</Quantity>
      <bIsWeighted>0</bIsWeighted>
      <UnitOfMeasure>100 גרם</UnitOfMeasure>
      <QtyInPackage>1</QtyInPackage>
      <ItemPrice>37.90</ItemPrice>
      <UnitOfMeasurePrice>6.77</UnitOfMeasurePrice>
      <AllowDiscount>1</AllowDiscount>
      <ItemStatus>0</ItemStatus>
    </Item>
    <Item>
      <PriceUpdateDate>2024-12-25 06:40</PriceUpdateDate>
      <ItemCode>7290111939174</ItemCode>
      <ItemType>1</ItemType>
      <ItemName>קוקי ניילון נצמד L</ItemName>
      <ManufacturerName>---</ManufacturerName>
      <ManufactureCountry>CN</ManufactureCountry>
      <ManufacturerItemDescription>ניילון נצמד</ManufacturerItemDescription>
      <UnitQty>יחידה</UnitQty>
      <Quantity>1.00</Quantity>
      <bIsWeighted>0</bIsWeighted>
      <UnitOfMeasure>יחידה</UnitOfMeasure>
      <QtyInPackage>1</QtyInPackage>
      <ItemPrice>11.00</ItemPrice>
      <UnitOfMeasurePrice>11.00</UnitOfMeasurePrice>
      <AllowDiscount>1</AllowDiscount>
      <ItemStatus>1</ItemStatus>
    </Item>
    <Item>
      <PriceUpdateDate>2024-12-25 06:40</PriceUpdateDate>
      <ItemCode>7290112002136</ItemCode>
      <ItemType>1</ItemType>
      <ItemName>ג'ל קולון קלאסי 4 ליטר</ItemName>
      <ManufacturerName>רקיט בנקיזר</ManufacturerName>
      <ManufactureCountry>IL</ManufactureCountry>
      <ManufacturerItemDescription>ג'ל כביסה קולון</ManufacturerItemDescription>
      <UnitQty>ליטרים</UnitQty>
      <Quantity>4.00</Quantity>
      <bIsWeighted>0</bIsWeighted>
      <UnitOfMeasure>ליטר</UnitOfMeasure>
      <QtyInPackage>1</QtyInPackage>
      <ItemPrice>44.90</ItemPrice>
      <UnitOfMeasurePrice>11.23</UnitOfMeasurePrice>
      <AllowDiscount>1</AllowDiscount>
      <ItemStatus>1</ItemStatus>
    </Item>
    <Item>
      <PriceUpdateDate>2024-12-25 07:00</PriceUpdateDate>
      <ItemCode>7290112004413</ItemCode>
      <ItemType>1</ItemType>
      <ItemName>וניש ספרי לכביסה לבנה750</ItemName>
      <ManufacturerName>רקיט בנקיזר</ManufacturerName>
      <ManufactureCountry>PL</ManufactureCountry>
      <ManufacturerItemDescription>וניש ספרי לכביסה לבנה750</ManufacturerItemDescription>
      <UnitQty>מיליליטרים</UnitQty>
      <Quantity>750.00</Quantity>
      <bIsWeighted>0</bIsWeighted>
      <UnitOfMeasure>100 מ"ל</UnitOfMeasure>
      <QtyInPackage>1</QtyInPackage>
      <ItemPrice>19.90</ItemPrice>
      <UnitOfMeasurePrice>2.65</UnitOfMeasurePrice>
      <AllowDiscount>1</AllowDiscount>
      <ItemStatus>0</ItemStatus>
    </Item>
    <Item>
      <PriceUpdateDate>2024-12-25 06:50</PriceUpdateDate>
      <ItemCode>7290112005816</ItemCode>
      <ItemType>1</ItemType>
      <ItemName>סיליט מסיר עובש ותחב 750</ItemName>
      <ManufacturerName>רקיט בנקיזר</ManufacturerName>
      <ManufactureCountry>PL</ManufactureCountry>
      <ManufacturerItemDescription>סיליט מסיר עובש ותחב 750</ManufacturerItemDescription>
      <UnitQty>מיליליטרים</UnitQty>
      <Quantity>750.00</Quantity>
      <bIsWeighted>0</bIsWeighted>
      <UnitOfMeasure>100 מ"ל</UnitOfMeasure>
      <QtyInPackage>1</QtyInPackage>
      <ItemPrice>16.90</ItemPrice>
      <UnitOfMeasurePrice>2.25</UnitOfMeasurePrice>
      <AllowDiscount>1</AllowDiscount>
      <ItemStatus>1</ItemStatus>
    </Item>
    <Item>
      <PriceUpdateDate>2024-12-25 07:00</PriceUpdateDate>
      <ItemCode>7290112006011</ItemCode>
      <ItemType>1</ItemType>
      <ItemName>קפסולות בניחוח מרענן50יח</ItemName>
      <ManufacturerName>רקיט בנקיזר</ManufacturerName>
      <ManufactureCountry>PL</ManufactureCountry>
      <ManufacturerItemDescription>קפס' בניחוח מרענ</ManufacturerItemDescription>
      <UnitQty>יחידה</UnitQty>
      <Quantity>1.00</Quantity>
      <bIsWeighted>0</bIsWeighted>
      <UnitOfMeasure>יחידה</UnitOfMeasure>
      <QtyInPackage>1</QtyInPackage>
      <ItemPrice>59.90</ItemPrice>
      <UnitOfMeasurePrice>59.90</UnitOfMeasurePrice>
      <AllowDiscount>1</AllowDiscount>
      <ItemStatus>0</ItemStatus>
    </Item>
    <Item>
      <PriceUpdateDate>2024-12-25 06:40</PriceUpdateDate>
      <ItemCode>7290112349736</ItemCode>
      <ItemType>1</ItemType>
      <ItemName>רוט.עגב.בזיליקום פסטה350</ItemName>
      <ManufacturerName>אמיליאנה קונסרב סוסייטה</ManufacturerName>
      <ManufactureCountry>IT</ManufactureCountry>
      <ManufacturerItemDescription>רוטב עגבניות</ManufacturerItemDescription>
      <UnitQty>גרמים</UnitQty>
      <Quantity>350.00</Quantity>
      <bIsWeighted>0</bIsWeighted>
      <UnitOfMeasure>100 גרם</UnitOfMeasure>
      <QtyInPackage>1</QtyInPackage>
      <ItemPrice>13.90</ItemPrice>
      <UnitOfMeasurePrice>3.97</UnitOfMeasurePrice>
      <AllowDiscount>1</AllowDiscount>
      <ItemStatus>0</ItemStatus>
    </Item>
    <Item>
      <PriceUpdateDate>2024-12-25 06:40</PriceUpdateDate>
      <ItemCode>7290112492456</ItemCode>
      <ItemType>1</ItemType>
      <ItemName>שמפו פינוק יבש /פגום 700</ItemName>
      <ManufacturerName>יוניליוור ישראל טיפוח אי</ManufacturerName>
      <ManufactureCountry>IL</ManufactureCountry>
      <ManufacturerItemDescription>שמפו לשיער יבש</ManufacturerItemDescription>
      <UnitQty>מיליליטרים</UnitQty>
      <Quantity>700.00</Quantity>
      <bIsWeighted>0</bIsWeighted>
      <UnitOfMeasure>100 מ"ל</UnitOfMeasure>
      <QtyInPackage>1</QtyInPackage>
      <ItemPrice>14.90</ItemPrice>
      <UnitOfMeasurePrice>2.13</UnitOfMeasurePrice>
      <AllowDiscount>1</AllowDiscount>
      <ItemStatus>0</ItemStatus>
    </Item>
    <Item>
      <PriceUpdateDate>2024-12-25 06:40</PriceUpdateDate>
      <ItemCode>7290112492609</ItemCode>
      <ItemType>1</ItemType>
      <ItemName>תח.פינוק לבנדר וניל 700מ</ItemName>
      <ManufacturerName>יוניליוור ישראל טיפוח אי</ManufacturerName>
      <ManufactureCountry>IL</ManufactureCountry>
      <ManufacturerItemDescription>תח.פינוק לבנדר וניל 700מ</ManufacturerItemDescription>
      <UnitQty>מיליליטרים</UnitQty>
      <Quantity>700.00</Quantity>
      <bIsWeighted>0</bIsWeighted>
      <UnitOfMeasure>100 מ"ל</UnitOfMeasure>
      <QtyInPackage>1</QtyInPackage>
      <ItemPrice>14.90</ItemPrice>
      <UnitOfMeasurePrice>2.13</UnitOfMeasurePrice>
      <AllowDiscount>1</AllowDiscount>
      <ItemStatus>1</ItemStatus>
    </Item>
    <Item>
      <PriceUpdateDate>2024-12-25 06:40</PriceUpdateDate>
      <ItemCode>7290112492746</ItemCode>
      <ItemType>1</ItemType>
      <ItemName>מרכך פינוק לסירוק קל700מ</ItemName>
      <ManufacturerName>יוניליוור ישראל טיפוח אי</ManufacturerName>
      <ManufactureCountry>IL</ManufactureCountry>
      <ManufacturerItemDescription>מרכך פינוק ילדים</ManufacturerItemDescription>
      <UnitQty>מיליליטרים</UnitQty>
      <Quantity>700.00</Quantity>
      <bIsWeighted>0</bIsWeighted>
      <UnitOfMeasure>100 מ"ל</UnitOfMeasure>
      <QtyInPackage>1</QtyInPackage>
      <ItemPrice>16.90</ItemPrice>
      <UnitOfMeasurePrice>2.41</UnitOfMeasurePrice>
      <AllowDiscount>1</AllowDiscount>
      <ItemStatus>1</ItemStatus>
    </Item>
    <Item>
      <PriceUpdateDate>2024-12-25 07:00</PriceUpdateDate>
      <ItemCode>7290112498007</ItemCode>
      <ItemType>1</ItemType>
      <ItemName>גרנולה פרוטאין שקד+חמ300</ItemName>
      <ManufacturerName>רפאלס בריא וטעים בע\"מ,</ManufacturerName>
      <ManufactureCountry>IL</ManufactureCountry>
      <ManufacturerItemDescription>גרנולה פרוטאין שקד+חמ300</ManufacturerItemDescription>
      <UnitQty>גרמים</UnitQty>
      <Quantity>300.00</Quantity>
      <bIsWeighted>0</bIsWeighted>
      <UnitOfMeasure>100 גרם</UnitOfMeasure>
      <QtyInPackage>1</QtyInPackage>
      <ItemPrice>18.90</ItemPrice>
      <UnitOfMeasurePrice>6.30</UnitOfMeasurePrice>
      <AllowDiscount>1</AllowDiscount>
      <ItemStatus>0</ItemStatus>
    </Item>
    <Item>
      <PriceUpdateDate>2024-12-25 06:40</PriceUpdateDate>
      <ItemCode>7290112964434</ItemCode>
      <ItemType>1</ItemType>
      <ItemName>רוטב קיסר לסלט 295 גרם</ItemName>
      <ManufacturerName>אסם</ManufacturerName>
      <ManufactureCountry>IL</ManufactureCountry>
      <ManufacturerItemDescription>רוטב קיסר לסלט</ManufacturerItemDescription>
      <UnitQty>גרמים</UnitQty>
      <Quantity>295.00</Quantity>
      <bIsWeighted>0</bIsWeighted>
      <UnitOfMeasure>100 גרם</UnitOfMeasure>
      <QtyInPackage>1</QtyInPackage>
      <ItemPrice>14.90</ItemPrice>
      <UnitOfMeasurePrice>5.05</UnitOfMeasurePrice>
      <AllowDiscount>1</AllowDiscount>
      <ItemStatus>1</ItemStatus>
    </Item>
    <Item>
      <PriceUpdateDate>2024-12-25 06:40</PriceUpdateDate>
      <ItemCode>7290112965288</ItemCode>
      <ItemType>1</ItemType>
      <ItemName>מרק נמס ירקות 2 * 28 גרם</ItemName>
      <ManufacturerName>אסם</ManufacturerName>
      <ManufactureCountry>IL</ManufactureCountry>
      <ManufacturerItemDescription>זוג מרק נמס</ManufacturerItemDescription>
      <UnitQty>גרמים</UnitQty>
      <Quantity>56.00</Quantity>
      <bIsWeighted>0</bIsWeighted>
      <UnitOfMeasure>100 גרם</UnitOfMeasure>
      <QtyInPackage>1</QtyInPackage>
      <ItemPrice>7.90</ItemPrice>
      <UnitOfMeasurePrice>14.11</UnitOfMeasurePrice>
      <AllowDiscount>1</AllowDiscount>
      <ItemStatus>0</ItemStatus>
    </Item>
    <Item>
      <PriceUpdateDate>2024-12-25 06:40</PriceUpdateDate>
      <ItemCode>7290112967381</ItemCode>
      <ItemType>1</ItemType>
      <ItemName>חט.פריכיות קטניות+מלח60ג</ItemName>
      <ManufacturerName>פרח תעשיות מזון בע"מ.</ManufacturerName>
      <ManufactureCountry>IL</ManufactureCountry>
      <ManufacturerItemDescription>חטיפי פריכיות</ManufacturerItemDescription>
      <UnitQty>גרמים</UnitQty>
      <Quantity>60.00</Quantity>
      <bIsWeighted>0</bIsWeighted>
      <UnitOfMeasure>100 גרם</UnitOfMeasure>
      <QtyInPackage>1</QtyInPackage>
      <ItemPrice>11.90</ItemPrice>
      <UnitOfMeasurePrice>19.83</UnitOfMeasurePrice>
      <AllowDiscount>1</AllowDiscount>
      <ItemStatus>0</ItemStatus>
    </Item>
    <Item>
      <PriceUpdateDate>2024-12-25 06:50</PriceUpdateDate>
      <ItemCode>7290114310338</ItemCode>
      <ItemType>1</ItemType>
      <ItemName>צפתית מעודנת 5% 225 גרם</ItemName>
      <ManufacturerName>משק צוריאל</ManufacturerName>
      <ManufactureCountry />
      <ManufacturerItemDescription>צפתית מעודנת 5% 225 גרם</ManufacturerItemDescription>
      <UnitQty>יחידה</UnitQty>
      <Quantity>1.00</Quantity>
      <bIsWeighted>0</bIsWeighted>
      <UnitOfMeasure>יחידה</UnitOfMeasure>
      <QtyInPackage>0</QtyInPackage>
      <ItemPrice>21.80</ItemPrice>
      <UnitOfMeasurePrice>21.80</UnitOfMeasurePrice>
      <AllowDiscount>1</AllowDiscount>
      <ItemStatus>0</ItemStatus>
    </Item>
    <Item>
      <PriceUpdateDate>2024-12-25 07:00</PriceUpdateDate>
      <ItemCode>7290114310550</ItemCode>
      <ItemType>1</ItemType>
      <ItemName>פטה עיזים מעודנת5% 200ג</ItemName>
      <ManufacturerName>משק צוריאל</ManufacturerName>
      <ManufactureCountry>IL</ManufactureCountry>
      <ManufacturerItemDescription>פטה עיזים מעודנת</ManufacturerItemDescription>
      <UnitQty>גרמים</UnitQty>
      <Quantity>200.00</Quantity>
      <bIsWeighted>0</bIsWeighted>
      <UnitOfMeasure>100 גרם</UnitOfMeasure>
      <QtyInPackage>1</QtyInPackage>
      <ItemPrice>29.90</ItemPrice>
      <UnitOfMeasurePrice>14.95</UnitOfMeasurePrice>
      <AllowDiscount>1</AllowDiscount>
      <ItemStatus>1</ItemStatus>
    </Item>
    <Item>
      <PriceUpdateDate>2024-12-25 06:50</PriceUpdateDate>
      <ItemCode>7290114312516</ItemCode>
      <ItemType>1</ItemType>
      <ItemName>מולר יוגורט טעם לימון 95</ItemName>
      <ManufacturerName>טרה</ManufacturerName>
      <ManufactureCountry>IL</ManufactureCountry>
      <ManufacturerItemDescription>מולר יוגורט</ManufacturerItemDescription>
      <UnitQty>גרמים</UnitQty>
      <Quantity>95.00</Quantity>
      <bIsWeighted>0</bIsWeighted>
      <UnitOfMeasure>100 גרם</UnitOfMeasure>
      <QtyInPackage>1</QtyInPackage>
      <ItemPrice>5.80</ItemPrice>
      <UnitOfMeasurePrice>6.11</UnitOfMeasurePrice>
      <AllowDiscount>1</AllowDiscount>
      <ItemStatus>0</ItemStatus>
    </Item>
    <Item>
      <PriceUpdateDate>2024-12-25 06:50</PriceUpdateDate>
      <ItemCode>7290114320207</ItemCode>
      <ItemType>1</ItemType>
      <ItemName>קראמאמא זיתים 240 גרם</ItemName>
      <ManufacturerName>מאמא קיו</ManufacturerName>
      <ManufactureCountry>IL</ManufactureCountry>
      <ManufacturerItemDescription>קראמאמא זיתים</ManufacturerItemDescription>
      <UnitQty>גרמים</UnitQty>
      <Quantity>240.00</Quantity>
      <bIsWeighted>0</bIsWeighted>
      <UnitOfMeasure>100 גרם</UnitOfMeasure>
      <QtyInPackage>1</QtyInPackage>
      <ItemPrice>16.90</ItemPrice>
      <UnitOfMeasurePrice>7.04</UnitOfMeasurePrice>
      <AllowDiscount>1</AllowDiscount>
      <ItemStatus>0</ItemStatus>
    </Item>
    <Item>
      <PriceUpdateDate>2024-12-25 06:40</PriceUpdateDate>
      <ItemCode>7290115190137</ItemCode>
      <ItemType>1</ItemType>
      <ItemName>מרלבורו פיין טאץ' חפיסה</ItemName>
      <ManufacturerName>פיליפ מוריס</ManufacturerName>
      <ManufactureCountry>IL</ManufactureCountry>
      <ManufacturerItemDescription>מרלבורו פיין טאץ</ManufacturerItemDescription>
      <UnitQty>יחידה</UnitQty>
      <Quantity>1.00</Quantity>
      <bIsWeighted>0</bIsWeighted>
      <UnitOfMeasure>יחידה</UnitOfMeasure>
      <QtyInPackage>1</QtyInPackage>
      <ItemPrice>41.00</ItemPrice>
      <UnitOfMeasurePrice>41.00</UnitOfMeasurePrice>
      <AllowDiscount>0</AllowDiscount>
      <ItemStatus>1</ItemStatus>
    </Item>
    <Item>
      <PriceUpdateDate>2024-12-25 06:50</PriceUpdateDate>
      <ItemCode>7290115207941</ItemCode>
      <ItemType>1</ItemType>
      <ItemName>ויטמינצ'יק אננס 1 ליטר</ItemName>
      <ManufacturerName>אסם השקעות בע"\מ</ManufacturerName>
      <ManufactureCountry>IL</ManufactureCountry>
      <ManufacturerItemDescription>ויטמינצ'יק אננס</ManufacturerItemDescription>
      <UnitQty>ליטרים</UnitQty>
      <Quantity>1.00</Quantity>
      <bIsWeighted>0</bIsWeighted>
      <UnitOfMeasure>ליטר</UnitOfMeasure>
      <QtyInPackage>1</QtyInPackage>
      <ItemPrice>16.90</ItemPrice>
      <UnitOfMeasurePrice>16.90</UnitOfMeasurePrice>
      <AllowDiscount>1</AllowDiscount>
      <ItemStatus>1</ItemStatus>
    </Item>
    <Item>
      <PriceUpdateDate>2024-12-25 07:00</PriceUpdateDate>
      <ItemCode>7290115252460</ItemCode>
      <ItemType>1</ItemType>
      <ItemName>פתפותים מקלות כוסמין 200</ItemName>
      <ManufacturerName>---</ManufacturerName>
      <ManufactureCountry>IL</ManufactureCountry>
      <ManufacturerItemDescription>פתפותים מקלות כוסמין 200</ManufacturerItemDescription>
      <UnitQty>גרמים</UnitQty>
      <Quantity>200.00</Quantity>
      <bIsWeighted>0</bIsWeighted>
      <UnitOfMeasure>100 גרם</UnitOfMeasure>
      <QtyInPackage>1</QtyInPackage>
      <ItemPrice>28.90</ItemPrice>
      <UnitOfMeasurePrice>14.45</UnitOfMeasurePrice>
      <AllowDiscount>1</AllowDiscount>
      <ItemStatus>0</ItemStatus>
    </Item>
    <Item>
      <PriceUpdateDate>2024-12-25 07:00</PriceUpdateDate>
      <ItemCode>7290116536255</ItemCode>
      <ItemType>1</ItemType>
      <ItemName>עוגי 20% פחות סוכר 500גר</ItemName>
      <ManufacturerName>יוניליוור ישראל מזון בע"</ManufacturerName>
      <ManufactureCountry>IL</ManufactureCountry>
      <ManufacturerItemDescription>עוגי מופחת סוכר</ManufacturerItemDescription>
      <UnitQty>יחידה</UnitQty>
      <Quantity>1.00</Quantity>
      <bIsWeighted>0</bIsWeighted>
      <UnitOfMeasure>יחידה</UnitOfMeasure>
      <QtyInPackage>1</QtyInPackage>
      <ItemPrice>25.40</ItemPrice>
      <UnitOfMeasurePrice>25.40</UnitOfMeasurePrice>
      <AllowDiscount>1</AllowDiscount>
      <ItemStatus>0</ItemStatus>
    </Item>
    <Item>
      <PriceUpdateDate>2024-12-25 06:50</PriceUpdateDate>
      <ItemCode>7290116930701</ItemCode>
      <ItemType>1</ItemType>
      <ItemName>מעדן חלב גו בטעם קרמל120</ItemName>
      <ManufacturerName>תנובה בעמ</ManufacturerName>
      <ManufactureCountry>IL</ManufactureCountry>
      <ManufacturerItemDescription>מעדן חלב גו</ManufacturerItemDescription>
      <UnitQty>גרמים</UnitQty>
      <Quantity>120.00</Quantity>
      <bIsWeighted>0</bIsWeighted>
      <UnitOfMeasure>100 גרם</UnitOfMeasure>
      <QtyInPackage>1</QtyInPackage>
      <ItemPrice>6.30</ItemPrice>
      <UnitOfMeasurePrice>5.25</UnitOfMeasurePrice>
      <AllowDiscount>1</AllowDiscount>
      <ItemStatus>0</ItemStatus>
    </Item>
    <Item>
      <PriceUpdateDate>2024-12-25 06:50</PriceUpdateDate>
      <ItemCode>7290117264980</ItemCode>
      <ItemType>1</ItemType>
      <ItemName>נתחי טונה בשמן זית190גרם</ItemName>
      <ManufacturerName>---</ManufacturerName>
      <ManufactureCountry>PT</ManufactureCountry>
      <ManufacturerItemDescription>נתחי טונה בהירה</ManufacturerItemDescription>
      <UnitQty>גרמים</UnitQty>
      <Quantity>190.00</Quantity>
      <bIsWeighted>0</bIsWeighted>
      <UnitOfMeasure>100 גרם</UnitOfMeasure>
      <QtyInPackage>1</QtyInPackage>
      <ItemPrice>29.20</ItemPrice>
      <UnitOfMeasurePrice>15.37</UnitOfMeasurePrice>
      <AllowDiscount>1</AllowDiscount>
      <ItemStatus>1</ItemStatus>
    </Item>
    <Item>
      <PriceUpdateDate>2024-12-25 06:50</PriceUpdateDate>
      <ItemCode>7290117386873</ItemCode>
      <ItemType>1</ItemType>
      <ItemName>ת.רחצה שקדים 500מארז זוג</ItemName>
      <ManufacturerName>קולגייט-פלמוליב</ManufacturerName>
      <ManufactureCountry>TR</ManufactureCountry>
      <ManufacturerItemDescription>ת.רחצה שקדים</ManufacturerItemDescription>
      <UnitQty>ליטרים</UnitQty>
      <Quantity>1.00</Quantity>
      <bIsWeighted>0</bIsWeighted>
      <UnitOfMeasure>ליטר</UnitOfMeasure>
      <QtyInPackage>1</QtyInPackage>
      <ItemPrice>25.00</ItemPrice>
      <UnitOfMeasurePrice>25.00</UnitOfMeasurePrice>
      <AllowDiscount>1</AllowDiscount>
      <ItemStatus>1</ItemStatus>
    </Item>
    <Item>
      <PriceUpdateDate>2024-12-25 06:50</PriceUpdateDate>
      <ItemCode>7290117386880</ItemCode>
      <ItemType>1</ItemType>
      <ItemName>סבון ג.ארומה מסאז500*2'</ItemName>
      <ManufacturerName>קולגייט-פלמוליב</ManufacturerName>
      <ManufactureCountry>TR</ManufactureCountry>
      <ManufacturerItemDescription>זוג במארז ס.ארומ</ManufacturerItemDescription>
      <UnitQty>מיליליטרים</UnitQty>
      <Quantity>1000.00</Quantity>
      <bIsWeighted>0</bIsWeighted>
      <UnitOfMeasure>100 מ"ל</UnitOfMeasure>
      <QtyInPackage>1</QtyInPackage>
      <ItemPrice>25.00</ItemPrice>
      <UnitOfMeasurePrice>2.50</UnitOfMeasurePrice>
      <AllowDiscount>1</AllowDiscount>
      <ItemStatus>1</ItemStatus>
    </Item>
    <Item>
      <PriceUpdateDate>2024-12-25 06:50</PriceUpdateDate>
      <ItemCode>7290117387344</ItemCode>
      <ItemType>1</ItemType>
      <ItemName>מארז ספיד סטיק ירוק</ItemName>
      <ManufacturerName>קולגייט-פלמוליב</ManufacturerName>
      <ManufactureCountry>US</ManufactureCountry>
      <ManufacturerItemDescription>מארז ספיד סטיק ירוק</ManufacturerItemDescription>
      <UnitQty>גרמים</UnitQty>
      <Quantity>113.00</Quantity>
      <bIsWeighted>0</bIsWeighted>
      <UnitOfMeasure>100 גרם</UnitOfMeasure>
      <QtyInPackage>1</QtyInPackage>
      <ItemPrice>30.00</ItemPrice>
      <UnitOfMeasurePrice>26.55</UnitOfMeasurePrice>
      <AllowDiscount>1</AllowDiscount>
      <ItemStatus>1</ItemStatus>
    </Item>
    <Item>
      <PriceUpdateDate>2024-12-25 06:50</PriceUpdateDate>
      <ItemCode>7290117389881</ItemCode>
      <ItemType>1</ItemType>
      <ItemName>מארז ליידי ס.סטיק פרו 5</ItemName>
      <ManufacturerName>קולגייט-פלמוליב</ManufacturerName>
      <ManufactureCountry>US</ManufactureCountry>
      <ManufacturerItemDescription>מארז ליידי פרו 5</ManufacturerItemDescription>
      <UnitQty>גרמים</UnitQty>
      <Quantity>90.00</Quantity>
      <bIsWeighted>0</bIsWeighted>
      <UnitOfMeasure>100 גרם</UnitOfMeasure>
      <QtyInPackage>1</QtyInPackage>
      <ItemPrice>30.00</ItemPrice>
      <UnitOfMeasurePrice>33.33</UnitOfMeasurePrice>
      <AllowDiscount>1</AllowDiscount>
      <ItemStatus>1</ItemStatus>
    </Item>
    <Item>
      <PriceUpdateDate>2024-12-25 06:40</PriceUpdateDate>
      <ItemCode>7290117860892</ItemCode>
      <ItemType>1</ItemType>
      <ItemName>ת.רחצ.יוגורט וניל דבש700</ItemName>
      <ManufacturerName>טרופיקל דגיל בע"\מ</ManufacturerName>
      <ManufactureCountry>IL</ManufactureCountry>
      <ManufacturerItemDescription>תחליב רחצה הוואי</ManufacturerItemDescription>
      <UnitQty>מיליליטרים</UnitQty>
      <Quantity>700.00</Quantity>
      <bIsWeighted>0</bIsWeighted>
      <UnitOfMeasure>100 מ"ל</UnitOfMeasure>
      <QtyInPackage>1</QtyInPackage>
      <ItemPrice>15.90</ItemPrice>
      <UnitOfMeasurePrice>2.27</UnitOfMeasurePrice>
      <AllowDiscount>1</AllowDiscount>
      <ItemStatus>0</ItemStatus>
    </Item>
    <Item>
      <PriceUpdateDate>2024-12-25 07:00</PriceUpdateDate>
      <ItemCode>7290118422204</ItemCode>
      <ItemType>1</ItemType>
      <ItemName>פיטנס פריכיות שוקולד 60</ItemName>
      <ManufacturerName>כרמית תעשיות ממתקים בע"מ</ManufacturerName>
      <ManufactureCountry>IL</ManufactureCountry>
      <ManufacturerItemDescription>פריכיות שוקולד ח</ManufacturerItemDescription>
      <UnitQty>גרמים</UnitQty>
      <Quantity>60.00</Quantity>
      <bIsWeighted>0</bIsWeighted>
      <UnitOfMeasure>100 גרם</UnitOfMeasure>
      <QtyInPackage>1</QtyInPackage>
      <ItemPrice>11.90</ItemPrice>
      <UnitOfMeasurePrice>19.83</UnitOfMeasurePrice>
      <AllowDiscount>1</AllowDiscount>
      <ItemStatus>1</ItemStatus>
    </Item>
    <Item>
      <PriceUpdateDate>2024-12-25 06:50</PriceUpdateDate>
      <ItemCode>7290118425496</ItemCode>
      <ItemType>1</ItemType>
      <ItemName>פתיבר קוקיז בטעם חמאה155</ItemName>
      <ManufacturerName>אסם</ManufacturerName>
      <ManufactureCountry>IL</ManufactureCountry>
      <ManufacturerItemDescription>פתיבר קוקיז בטעם חמאה155</ManufacturerItemDescription>
      <UnitQty>גרמים</UnitQty>
      <Quantity>155.00</Quantity>
      <bIsWeighted>0</bIsWeighted>
      <UnitOfMeasure>100 גרם</UnitOfMeasure>
      <QtyInPackage>1</QtyInPackage>
      <ItemPrice>12.90</ItemPrice>
      <UnitOfMeasurePrice>8.32</UnitOfMeasurePrice>
      <AllowDiscount>1</AllowDiscount>
      <ItemStatus>1</ItemStatus>
    </Item>
    <Item>
      <PriceUpdateDate>2024-12-25 06:50</PriceUpdateDate>
      <ItemCode>7290119041008</ItemCode>
      <ItemType>1</ItemType>
      <ItemName>עוגיות מלוחות קריספי 350</ItemName>
      <ManufacturerName>קיראי סחר והשקעות בע"מ</ManufacturerName>
      <ManufactureCountry>IL</ManufactureCountry>
      <ManufacturerItemDescription>עוגיות מלוחות קריספי 350</ManufacturerItemDescription>
      <UnitQty>גרמים</UnitQty>
      <Quantity>350.00</Quantity>
      <bIsWeighted>0</bIsWeighted>
      <UnitOfMeasure>100 גרם</UnitOfMeasure>
      <QtyInPackage>1</QtyInPackage>
      <ItemPrice>17.90</ItemPrice>
      <UnitOfMeasurePrice>5.11</UnitOfMeasurePrice>
      <AllowDiscount>1</AllowDiscount>
      <ItemStatus>1</ItemStatus>
    </Item>
    <Item>
      <PriceUpdateDate>2024-12-25 06:50</PriceUpdateDate>
      <ItemCode>7290119043095</ItemCode>
      <ItemType>1</ItemType>
      <ItemName>עוגיות שיבולת שועל 500 ג</ItemName>
      <ManufacturerName>קיראי סחר והשקעות בע"מ</ManufacturerName>
      <ManufactureCountry>IL</ManufactureCountry>
      <ManufacturerItemDescription>עוגיות שיבולת שועל 500 ג</ManufacturerItemDescription>
      <UnitQty>גרמים</UnitQty>
      <Quantity>500.00</Quantity>
      <bIsWeighted>0</bIsWeighted>
      <UnitOfMeasure>100 גרם</UnitOfMeasure>
      <QtyInPackage>1</QtyInPackage>
      <ItemPrice>15.90</ItemPrice>
      <UnitOfMeasurePrice>3.18</UnitOfMeasurePrice>
      <AllowDiscount>1</AllowDiscount>
      <ItemStatus>1</ItemStatus>
    </Item>
    <Item>
      <PriceUpdateDate>2024-12-25 06:50</PriceUpdateDate>
      <ItemCode>7290119043842</ItemCode>
      <ItemType>1</ItemType>
      <ItemName>עוגיות מעמול תמר 500 גרם</ItemName>
      <ManufacturerName>קיראי סחר והשקעות בע"מ</ManufacturerName>
      <ManufactureCountry>IL</ManufactureCountry>
      <ManufacturerItemDescription>עוגיות מעמול תמר 500 גרם</ManufacturerItemDescription>
      <UnitQty>גרמים</UnitQty>
      <Quantity>500.00</Quantity>
      <bIsWeighted>0</bIsWeighted>
      <UnitOfMeasure>100 גרם</UnitOfMeasure>
      <QtyInPackage>1</QtyInPackage>
      <ItemPrice>15.90</ItemPrice>
      <UnitOfMeasurePrice>3.18</UnitOfMeasurePrice>
      <AllowDiscount>1</AllowDiscount>
      <ItemStatus>1</ItemStatus>
    </Item>
    <Item>
      <PriceUpdateDate>2024-12-25 06:50</PriceUpdateDate>
      <ItemCode>7290119043897</ItemCode>
      <ItemType>1</ItemType>
      <ItemName>עוגיות רולדה תמר 500 גרם</ItemName>
      <ManufacturerName>ק.א. ומשווק בבלעדיות על</ManufacturerName>
      <ManufactureCountry>IL</ManufactureCountry>
      <ManufacturerItemDescription>עוגיות רולדה תמר</ManufacturerItemDescription>
      <UnitQty>גרמים</UnitQty>
      <Quantity>500.00</Quantity>
      <bIsWeighted>0</bIsWeighted>
      <UnitOfMeasure>100 גרם</UnitOfMeasure>
      <QtyInPackage>1</QtyInPackage>
      <ItemPrice>15.90</ItemPrice>
      <UnitOfMeasurePrice>3.18</UnitOfMeasurePrice>
      <AllowDiscount>1</AllowDiscount>
      <ItemStatus>1</ItemStatus>
    </Item>
    <Item>
      <PriceUpdateDate>2024-12-25 06:50</PriceUpdateDate>
      <ItemCode>7290119379323</ItemCode>
      <ItemType>1</ItemType>
      <ItemName>גבינת סקי 9% 500 גרם</ItemName>
      <ManufacturerName>שטראוס בריאות בע"\מ</ManufacturerName>
      <ManufactureCountry>IL</ManufactureCountry>
      <ManufacturerItemDescription>גבינת סקי 9%</ManufacturerItemDescription>
      <UnitQty>גרמים</UnitQty>
      <Quantity>500.00</Quantity>
      <bIsWeighted>0</bIsWeighted>
      <UnitOfMeasure>100 גרם</UnitOfMeasure>
      <QtyInPackage>1</QtyInPackage>
      <ItemPrice>11.90</ItemPrice>
      <UnitOfMeasurePrice>2.38</UnitOfMeasurePrice>
      <AllowDiscount>1</AllowDiscount>
      <ItemStatus>1</ItemStatus>
    </Item>
    <Item>
      <PriceUpdateDate>2024-12-25 06:50</PriceUpdateDate>
      <ItemCode>7290119772698</ItemCode>
      <ItemType>1</ItemType>
      <ItemName>קוקטייל מוחיטו 280 מ"ל</ItemName>
      <ManufacturerName>יפאורה תבורי בע"\מ</ManufacturerName>
      <ManufactureCountry>IL</ManufactureCountry>
      <ManufacturerItemDescription>שוופס קוקטייל</ManufacturerItemDescription>
      <UnitQty>מיליליטרים</UnitQty>
      <Quantity>280.00</Quantity>
      <bIsWeighted>0</bIsWeighted>
      <UnitOfMeasure>100 מ"ל</UnitOfMeasure>
      <QtyInPackage>1</QtyInPackage>
      <ItemPrice>15.50</ItemPrice>
      <UnitOfMeasurePrice>5.54</UnitOfMeasurePrice>
      <AllowDiscount>1</AllowDiscount>
      <ItemStatus>1</ItemStatus>
    </Item>
    <Item>
      <PriceUpdateDate>2024-12-25 06:10</PriceUpdateDate>
      <ItemCode>7296073006060</ItemCode>
      <ItemType>1</ItemType>
      <ItemName>חומוס לבן ענק שופרסל 1קג</ItemName>
      <ManufacturerName>מיה תעשיות מזון</ManufacturerName>
      <ManufactureCountry>IL</ManufactureCountry>
      <ManufacturerItemDescription>חומוס לבן ענק</ManufacturerItemDescription>
      <UnitQty>קילוגרמים</UnitQty>
      <Quantity>1.00</Quantity>
      <bIsWeighted>0</bIsWeighted>
      <UnitOfMeasure>ק"ג</UnitOfMeasure>
      <QtyInPackage>0</QtyInPackage>
      <ItemPrice>17.90</ItemPrice>
      <UnitOfMeasurePrice>17.90</UnitOfMeasurePrice>
      <AllowDiscount>1</AllowDiscount>
      <ItemStatus>0</ItemStatus>
    </Item>
    <Item>
      <PriceUpdateDate>2024-12-25 06:10</PriceUpdateDate>
      <ItemCode>7296073006435</ItemCode>
      <ItemType>1</ItemType>
      <ItemName>מלפפונים במלח קטנים מאוד</ItemName>
      <ManufacturerName>קבוצת יבנה מוצרי מזון</ManufacturerName>
      <ManufactureCountry>IL</ManufactureCountry>
      <ManufacturerItemDescription>מלפפון במלח</ManufacturerItemDescription>
      <UnitQty>גרמים</UnitQty>
      <Quantity>560.00</Quantity>
      <bIsWeighted>0</bIsWeighted>
      <UnitOfMeasure>100 גרם</UnitOfMeasure>
      <QtyInPackage>0</QtyInPackage>
      <ItemPrice>14.50</ItemPrice>
      <UnitOfMeasurePrice>2.59</UnitOfMeasurePrice>
      <AllowDiscount>1</AllowDiscount>
      <ItemStatus>1</ItemStatus>
    </Item>
    <Item>
      <PriceUpdateDate>2024-12-25 14:45</PriceUpdateDate>
      <ItemCode>7296073020370</ItemCode>
      <ItemType>1</ItemType>
      <ItemName>צלחת גדולה BASIC 100 יח'</ItemName>
      <ManufacturerName>פאלאס</ManufacturerName>
      <ManufactureCountry>IL</ManufactureCountry>
      <ManufacturerItemDescription>צלחות חד"פ גדולות BASIC</ManufacturerItemDescription>
      <UnitQty>יחידה</UnitQty>
      <Quantity>1.00</Quantity>
      <bIsWeighted>0</bIsWeighted>
      <UnitOfMeasure>יחידה</UnitOfMeasure>
      <QtyInPackage>0</QtyInPackage>
      <ItemPrice>19.90</ItemPrice>
      <UnitOfMeasurePrice>19.90</UnitOfMeasurePrice>
      <AllowDiscount>1</AllowDiscount>
      <ItemStatus>1</ItemStatus>
    </Item>
    <Item>
      <PriceUpdateDate>2024-12-25 14:45</PriceUpdateDate>
      <ItemCode>7296073020394</ItemCode>
      <ItemType>1</ItemType>
      <ItemName>קערית מרק  BASIC 50 יח,'</ItemName>
      <ManufacturerName>שופרסל</ManufacturerName>
      <ManufactureCountry>IL</ManufactureCountry>
      <ManufacturerItemDescription>קעריות מרק חד"פ</ManufacturerItemDescription>
      <UnitQty>יחידה</UnitQty>
      <Quantity>1.00</Quantity>
      <bIsWeighted>0</bIsWeighted>
      <UnitOfMeasure>יחידה</UnitOfMeasure>
      <QtyInPackage>0</QtyInPackage>
      <ItemPrice>14.50</ItemPrice>
      <UnitOfMeasurePrice>14.50</UnitOfMeasurePrice>
      <AllowDiscount>1</AllowDiscount>
      <ItemStatus>1</ItemStatus>
    </Item>
    <Item>
      <PriceUpdateDate>2024-12-25 14:45</PriceUpdateDate>
      <ItemCode>7296073059691</ItemCode>
      <ItemType>1</ItemType>
      <ItemName>צלחת גדולה BASIC 50 יח,'</ItemName>
      <ManufacturerName>פאלאס</ManufacturerName>
      <ManufactureCountry>IL</ManufactureCountry>
      <ManufacturerItemDescription>צלחות גדולות</ManufacturerItemDescription>
      <UnitQty>יחידה</UnitQty>
      <Quantity>1.00</Quantity>
      <bIsWeighted>0</bIsWeighted>
      <UnitOfMeasure>יחידה</UnitOfMeasure>
      <QtyInPackage>0</QtyInPackage>
      <ItemPrice>11.90</ItemPrice>
      <UnitOfMeasurePrice>11.90</UnitOfMeasurePrice>
      <AllowDiscount>1</AllowDiscount>
      <ItemStatus>1</ItemStatus>
    </Item>
    <Item>
      <PriceUpdateDate>2024-12-25 14:45</PriceUpdateDate>
      <ItemCode>7296073059707</ItemCode>
      <ItemType>1</ItemType>
      <ItemName>צלחת קטנה BASIC 50 יח,'</ItemName>
      <ManufacturerName>שופרסל</ManufacturerName>
      <ManufactureCountry>IL</ManufactureCountry>
      <ManufacturerItemDescription>צלחות קטנות חד"פ</ManufacturerItemDescription>
      <UnitQty>יחידה</UnitQty>
      <Quantity>1.00</Quantity>
      <bIsWeighted>0</bIsWeighted>
      <UnitOfMeasure>יחידה</UnitOfMeasure>
      <QtyInPackage>0</QtyInPackage>
      <ItemPrice>9.00</ItemPrice>
      <UnitOfMeasurePrice>9.00</UnitOfMeasurePrice>
      <AllowDiscount>1</AllowDiscount>
      <ItemStatus>1</ItemStatus>
    </Item>
    <Item>
      <PriceUpdateDate>2024-12-25 14:45</PriceUpdateDate>
      <ItemCode>7296073059745</ItemCode>
      <ItemType>1</ItemType>
      <ItemName>ליפתניות BASIC</ItemName>
      <ManufacturerName>פאלאס</ManufacturerName>
      <ManufactureCountry>IL</ManufactureCountry>
      <ManufacturerItemDescription>ליפתניות חד"פ 5"</ManufacturerItemDescription>
      <UnitQty>יחידה</UnitQty>
      <Quantity>1.00</Quantity>
      <bIsWeighted>0</bIsWeighted>
      <UnitOfMeasure>יחידה</UnitOfMeasure>
      <QtyInPackage>0</QtyInPackage>
      <ItemPrice>10.00</ItemPrice>
      <UnitOfMeasurePrice>10.00</UnitOfMeasurePrice>
      <AllowDiscount>1</AllowDiscount>
      <ItemStatus>1</ItemStatus>
    </Item>
    <Item>
      <PriceUpdateDate>2024-12-25 06:20</PriceUpdateDate>
      <ItemCode>7296073060024</ItemCode>
      <ItemType>1</ItemType>
      <ItemName>צלחת קטנה BASIC 100 יח,'</ItemName>
      <ManufacturerName>פאלאס</ManufacturerName>
      <ManufactureCountry>IL</ManufactureCountry>
      <ManufacturerItemDescription>צלחות קטנות חד"פ</ManufacturerItemDescription>
      <UnitQty>יחידה</UnitQty>
      <Quantity>1.00</Quantity>
      <bIsWeighted>0</bIsWeighted>
      <UnitOfMeasure>יחידה</UnitOfMeasure>
      <QtyInPackage>0</QtyInPackage>
      <ItemPrice>15.90</ItemPrice>
      <UnitOfMeasurePrice>15.90</UnitOfMeasurePrice>
      <AllowDiscount>1</AllowDiscount>
      <ItemStatus>0</ItemStatus>
    </Item>
    <Item>
      <PriceUpdateDate>2024-12-25 06:20</PriceUpdateDate>
      <ItemCode>7296073074649</ItemCode>
      <ItemType>1</ItemType>
      <ItemName>קנלוני שופרסל 250 גרם</ItemName>
      <ManufacturerName>פסטה ברוטו</ManufacturerName>
      <ManufactureCountry>IT</ManufactureCountry>
      <ManufacturerItemDescription>קנלוני שופרסל</ManufacturerItemDescription>
      <UnitQty>גרמים</UnitQty>
      <Quantity>250.00</Quantity>
      <bIsWeighted>0</bIsWeighted>
      <UnitOfMeasure>100 גרם</UnitOfMeasure>
      <QtyInPackage>0</QtyInPackage>
      <ItemPrice>10.20</ItemPrice>
      <UnitOfMeasurePrice>4.08</UnitOfMeasurePrice>
      <AllowDiscount>1</AllowDiscount>
      <ItemStatus>1</ItemStatus>
    </Item>
    <Item>
      <PriceUpdateDate>2024-12-25 06:20</PriceUpdateDate>
      <ItemCode>7296073074656</ItemCode>
      <ItemType>1</ItemType>
      <ItemName>ירקות מעורבים כבושים</ItemName>
      <ManufacturerName>שימורי מוטולה בעמ</ManufacturerName>
      <ManufactureCountry>IL</ManufactureCountry>
      <ManufacturerItemDescription>ירקות מעורבים</ManufacturerItemDescription>
      <UnitQty>קילוגרמים</UnitQty>
      <Quantity>1.65</Quantity>
      <bIsWeighted>0</bIsWeighted>
      <UnitOfMeasure>ק"ג</UnitOfMeasure>
      <QtyInPackage>0</QtyInPackage>
      <ItemPrice>28.90</ItemPrice>
      <UnitOfMeasurePrice>17.52</UnitOfMeasurePrice>
      <AllowDiscount>1</AllowDiscount>
      <ItemStatus>1</ItemStatus>
    </Item>
    <Item>
      <PriceUpdateDate>2024-12-25 06:20</PriceUpdateDate>
      <ItemCode>7296073094463</ItemCode>
      <ItemType>1</ItemType>
      <ItemName>חלווה שיש שופרסל 400 גרם</ItemName>
      <ManufacturerName>אחדות</ManufacturerName>
      <ManufactureCountry>IL</ManufactureCountry>
      <ManufacturerItemDescription>חלווה שיש</ManufacturerItemDescription>
      <UnitQty>גרמים</UnitQty>
      <Quantity>400.00</Quantity>
      <bIsWeighted>0</bIsWeighted>
      <UnitOfMeasure>100 גרם</UnitOfMeasure>
      <QtyInPackage>0</QtyInPackage>
      <ItemPrice>14.90</ItemPrice>
      <UnitOfMeasurePrice>3.73</UnitOfMeasurePrice>
      <AllowDiscount>1</AllowDiscount>
      <ItemStatus>0</ItemStatus>
    </Item>
    <Item>
      <PriceUpdateDate>2024-12-25 14:45</PriceUpdateDate>
      <ItemCode>7296073132974</ItemCode>
      <ItemType>1</ItemType>
      <ItemName>צלחת לבן ELEGANT ענק 25</ItemName>
      <ManufacturerName>פאלאס</ManufacturerName>
      <ManufactureCountry>IL</ManufactureCountry>
      <ManufacturerItemDescription>צלחות ענקיות</ManufacturerItemDescription>
      <UnitQty>יחידה</UnitQty>
      <Quantity>1.00</Quantity>
      <bIsWeighted>0</bIsWeighted>
      <UnitOfMeasure>יחידה</UnitOfMeasure>
      <QtyInPackage>0</QtyInPackage>
      <ItemPrice>19.90</ItemPrice>
      <UnitOfMeasurePrice>19.90</UnitOfMeasurePrice>
      <AllowDiscount>1</AllowDiscount>
      <ItemStatus>1</ItemStatus>
    </Item>
    <Item>
      <PriceUpdateDate>2024-12-25 14:45</PriceUpdateDate>
      <ItemCode>7296073132981</ItemCode>
      <ItemType>1</ItemType>
      <ItemName>צלחת גדולה לבנה ELEGANT</ItemName>
      <ManufacturerName>מלינדה</ManufacturerName>
      <ManufactureCountry>IL</ManufactureCountry>
      <ManufacturerItemDescription>צלחות גדולה 9"</ManufacturerItemDescription>
      <UnitQty>יחידה</UnitQty>
      <Quantity>1.00</Quantity>
      <bIsWeighted>0</bIsWeighted>
      <UnitOfMeasure>יחידה</UnitOfMeasure>
      <QtyInPackage>0</QtyInPackage>
      <ItemPrice>13.90</ItemPrice>
      <UnitOfMeasurePrice>13.90</UnitOfMeasurePrice>
      <AllowDiscount>1</AllowDiscount>
      <ItemStatus>1</ItemStatus>
    </Item>
    <Item>
      <PriceUpdateDate>2024-12-25 14:45</PriceUpdateDate>
      <ItemCode>7296073132998</ItemCode>
      <ItemType>1</ItemType>
      <ItemName>צלחת קטנה לבנה ELEGANT 9</ItemName>
      <ManufacturerName>פאלאס</ManufacturerName>
      <ManufactureCountry>IL</ManufactureCountry>
      <ManufacturerItemDescription>צלחות קטנות</ManufacturerItemDescription>
      <UnitQty>יחידה</UnitQty>
      <Quantity>1.00</Quantity>
      <bIsWeighted>0</bIsWeighted>
      <UnitOfMeasure>יחידה</UnitOfMeasure>
      <QtyInPackage>0</QtyInPackage>
      <ItemPrice>10.00</ItemPrice>
      <UnitOfMeasurePrice>10.00</UnitOfMeasurePrice>
      <AllowDiscount>1</AllowDiscount>
      <ItemStatus>1</ItemStatus>
    </Item>
    <Item>
      <PriceUpdateDate>2024-12-25 14:45</PriceUpdateDate>
      <ItemCode>7296073133001</ItemCode>
      <ItemType>1</ItemType>
      <ItemName>קערית מרק לבן ELEGANT</ItemName>
      <ManufacturerName>מלינדה</ManufacturerName>
      <ManufactureCountry>IL</ManufactureCountry>
      <ManufacturerItemDescription>קעריות מרק לבנות</ManufacturerItemDescription>
      <UnitQty>יחידה</UnitQty>
      <Quantity>1.00</Quantity>
      <bIsWeighted>0</bIsWeighted>
      <UnitOfMeasure>יחידה</UnitOfMeasure>
      <QtyInPackage>0</QtyInPackage>
      <ItemPrice>10.00</ItemPrice>
      <UnitOfMeasurePrice>10.00</UnitOfMeasurePrice>
      <AllowDiscount>1</AllowDiscount>
      <ItemStatus>1</ItemStatus>
    </Item>
    <Item>
      <PriceUpdateDate>2024-12-25 14:45</PriceUpdateDate>
      <ItemCode>7296073133056</ItemCode>
      <ItemType>1</ItemType>
      <ItemName>צלחת קרם ELEGAN ענק</ItemName>
      <ManufacturerName>פאלאס</ManufacturerName>
      <ManufactureCountry>IL</ManufactureCountry>
      <ManufacturerItemDescription>צלחות קרם ענקיות</ManufacturerItemDescription>
      <UnitQty>יחידה</UnitQty>
      <Quantity>1.00</Quantity>
      <bIsWeighted>0</bIsWeighted>
      <UnitOfMeasure>יחידה</UnitOfMeasure>
      <QtyInPackage>0</QtyInPackage>
      <ItemPrice>19.90</ItemPrice>
      <UnitOfMeasurePrice>19.90</UnitOfMeasurePrice>
      <AllowDiscount>1</AllowDiscount>
      <ItemStatus>1</ItemStatus>
    </Item>
    <Item>
      <PriceUpdateDate>2024-12-25 14:45</PriceUpdateDate>
      <ItemCode>7296073133063</ItemCode>
      <ItemType>1</ItemType>
      <ItemName>צלחת קרם ELEGANT גדולה</ItemName>
      <ManufacturerName>כללי</ManufacturerName>
      <ManufactureCountry>IL</ManufactureCountry>
      <ManufacturerItemDescription>צלחות גדולות</ManufacturerItemDescription>
      <UnitQty>יחידה</UnitQty>
      <Quantity>1.00</Quantity>
      <bIsWeighted>0</bIsWeighted>
      <UnitOfMeasure>יחידה</UnitOfMeasure>
      <QtyInPackage>0</QtyInPackage>
      <ItemPrice>13.90</ItemPrice>
      <UnitOfMeasurePrice>13.90</UnitOfMeasurePrice>
      <AllowDiscount>1</AllowDiscount>
      <ItemStatus>1</ItemStatus>
    </Item>
    <Item>
      <PriceUpdateDate>2024-12-25 06:20</PriceUpdateDate>
      <ItemCode>7296073133070</ItemCode>
      <ItemType>1</ItemType>
      <ItemName>צלחות קטנות קרם שופרסל 2</ItemName>
      <ManufacturerName>פאלאס</ManufacturerName>
      <ManufactureCountry>IL</ManufactureCountry>
      <ManufacturerItemDescription>צלחות קטנות</ManufacturerItemDescription>
      <UnitQty>יחידה</UnitQty>
      <Quantity>1.00</Quantity>
      <bIsWeighted>0</bIsWeighted>
      <UnitOfMeasure>יחידה</UnitOfMeasure>
      <QtyInPackage>0</QtyInPackage>
      <ItemPrice>10.00</ItemPrice>
      <UnitOfMeasurePrice>10.00</UnitOfMeasurePrice>
      <AllowDiscount>1</AllowDiscount>
      <ItemStatus>1</ItemStatus>
    </Item>
    <Item>
      <PriceUpdateDate>2024-12-25 14:45</PriceUpdateDate>
      <ItemCode>7296073133087</ItemCode>
      <ItemType>1</ItemType>
      <ItemName>קעריות מרק קרם ELEGANT 2</ItemName>
      <ManufacturerName>מלינדה</ManufacturerName>
      <ManufactureCountry>IL</ManufactureCountry>
      <ManufacturerItemDescription>קעריות מרק 7"</ManufacturerItemDescription>
      <UnitQty>יחידה</UnitQty>
      <Quantity>1.00</Quantity>
      <bIsWeighted>0</bIsWeighted>
      <UnitOfMeasure>יחידה</UnitOfMeasure>
      <QtyInPackage>0</QtyInPackage>
      <ItemPrice>10.00</ItemPrice>
      <UnitOfMeasurePrice>10.00</UnitOfMeasurePrice>
      <AllowDiscount>1</AllowDiscount>
      <ItemStatus>1</ItemStatus>
    </Item>
    <Item>
      <PriceUpdateDate>2024-12-25 06:20</PriceUpdateDate>
      <ItemCode>7296073134534</ItemCode>
      <ItemType>1</ItemType>
      <ItemName>קפה טורקי 100 גרם</ItemName>
      <ManufacturerName>רוני רג'ואן ושות</ManufacturerName>
      <ManufactureCountry>IL</ManufactureCountry>
      <ManufacturerItemDescription>קפה טורקי 100 גרם</ManufacturerItemDescription>
      <UnitQty>גרמים</UnitQty>
      <Quantity>100.00</Quantity>
      <bIsWeighted>0</bIsWeighted>
      <UnitOfMeasure>100 גרם</UnitOfMeasure>
      <QtyInPackage>0</QtyInPackage>
      <ItemPrice>6.90</ItemPrice>
      <UnitOfMeasurePrice>6.90</UnitOfMeasurePrice>
      <AllowDiscount>1</AllowDiscount>
      <ItemStatus>0</ItemStatus>
    </Item>
    <Item>
      <PriceUpdateDate>2024-12-25 06:20</PriceUpdateDate>
      <ItemCode>7296073169543</ItemCode>
      <ItemType>1</ItemType>
      <ItemName>מטליות רב שימושיות</ItemName>
      <ManufacturerName>מ.א.ייצור וייבוא מטליות</ManufacturerName>
      <ManufactureCountry>IL</ManufactureCountry>
      <ManufacturerItemDescription>מטליות רב שימושיות</ManufacturerItemDescription>
      <UnitQty>יחידה</UnitQty>
      <Quantity>1.00</Quantity>
      <bIsWeighted>0</bIsWeighted>
      <UnitOfMeasure>יחידה</UnitOfMeasure>
      <QtyInPackage>0</QtyInPackage>
      <ItemPrice>21.90</ItemPrice>
      <UnitOfMeasurePrice>21.90</UnitOfMeasurePrice>
      <AllowDiscount>1</AllowDiscount>
      <ItemStatus>0</ItemStatus>
    </Item>
    <Item>
      <PriceUpdateDate>2024-12-25 06:30</PriceUpdateDate>
      <ItemCode>7296073215998</ItemCode>
      <ItemType>1</ItemType>
      <ItemName>אבקת שום</ItemName>
      <ManufacturerName />
      <ManufactureCountry>IL</ManufactureCountry>
      <ManufacturerItemDescription>אבקת שום</ManufacturerItemDescription>
      <UnitQty>גרמים</UnitQty>
      <Quantity>50.00</Quantity>
      <bIsWeighted>0</bIsWeighted>
      <UnitOfMeasure>100 גרם</UnitOfMeasure>
      <QtyInPackage>0</QtyInPackage>
      <ItemPrice>8.50</ItemPrice>
      <UnitOfMeasurePrice>17.00</UnitOfMeasurePrice>
      <AllowDiscount>1</AllowDiscount>
      <ItemStatus>1</ItemStatus>
    </Item>
    <Item>
      <PriceUpdateDate>2024-12-25 06:30</PriceUpdateDate>
      <ItemCode>7296073216193</ItemCode>
      <ItemType>1</ItemType>
      <ItemName>פלפל שחור גרוס במיכל90ג</ItemName>
      <ManufacturerName />
      <ManufactureCountry>IL</ManufactureCountry>
      <ManufacturerItemDescription>פלפל שחור גרוס במיכל90ג</ManufacturerItemDescription>
      <UnitQty>גרמים</UnitQty>
      <Quantity>90.00</Quantity>
      <bIsWeighted>0</bIsWeighted>
      <UnitOfMeasure>100 גרם</UnitOfMeasure>
      <QtyInPackage>0</QtyInPackage>
      <ItemPrice>15.90</ItemPrice>
      <UnitOfMeasurePrice>17.67</UnitOfMeasurePrice>
      <AllowDiscount>1</AllowDiscount>
      <ItemStatus>1</ItemStatus>
    </Item>
    <Item>
      <PriceUpdateDate>2024-12-25 06:30</PriceUpdateDate>
      <ItemCode>7296073216223</ItemCode>
      <ItemType>1</ItemType>
      <ItemName>פפריקה מתוקה</ItemName>
      <ManufacturerName />
      <ManufactureCountry>IL</ManufactureCountry>
      <ManufacturerItemDescription>פפריקה מתוקה</ManufacturerItemDescription>
      <UnitQty>גרמים</UnitQty>
      <Quantity>80.00</Quantity>
      <bIsWeighted>0</bIsWeighted>
      <UnitOfMeasure>100 גרם</UnitOfMeasure>
      <QtyInPackage>0</QtyInPackage>
      <ItemPrice>6.90</ItemPrice>
      <UnitOfMeasurePrice>8.63</UnitOfMeasurePrice>
      <AllowDiscount>1</AllowDiscount>
      <ItemStatus>1</ItemStatus>
    </Item>
    <Item>
      <PriceUpdateDate>2024-12-25 06:30</PriceUpdateDate>
      <ItemCode>7296073216247</ItemCode>
      <ItemType>1</ItemType>
      <ItemName>פפריקה מתוקה</ItemName>
      <ManufacturerName />
      <ManufactureCountry>IL</ManufactureCountry>
      <ManufacturerItemDescription>פפריקה מתוקה</ManufacturerItemDescription>
      <UnitQty>גרמים</UnitQty>
      <Quantity>100.00</Quantity>
      <bIsWeighted>0</bIsWeighted>
      <UnitOfMeasure>100 גרם</UnitOfMeasure>
      <QtyInPackage>0</QtyInPackage>
      <ItemPrice>11.50</ItemPrice>
      <UnitOfMeasurePrice>11.50</UnitOfMeasurePrice>
      <AllowDiscount>1</AllowDiscount>
      <ItemStatus>0</ItemStatus>
    </Item>
    <Item>
      <PriceUpdateDate>2024-12-25 06:30</PriceUpdateDate>
      <ItemCode>7296073216292</ItemCode>
      <ItemType>1</ItemType>
      <ItemName>פפריקה חריפה בשקית80גרם</ItemName>
      <ManufacturerName />
      <ManufactureCountry>IL</ManufactureCountry>
      <ManufacturerItemDescription>פפריקה חריפה בשקית80גרם</ManufacturerItemDescription>
      <UnitQty>גרמים</UnitQty>
      <Quantity>80.00</Quantity>
      <bIsWeighted>0</bIsWeighted>
      <UnitOfMeasure>100 גרם</UnitOfMeasure>
      <QtyInPackage>0</QtyInPackage>
      <ItemPrice>6.90</ItemPrice>
      <UnitOfMeasurePrice>8.63</UnitOfMeasurePrice>
      <AllowDiscount>1</AllowDiscount>
      <ItemStatus>0</ItemStatus>
    </Item>
    <Item>
      <PriceUpdateDate>2024-12-25 06:30</PriceUpdateDate>
      <ItemCode>7296073216322</ItemCode>
      <ItemType>1</ItemType>
      <ItemName>מלח לימון</ItemName>
      <ManufacturerName />
      <ManufactureCountry>IL</ManufactureCountry>
      <ManufacturerItemDescription>מלח לימון</ManufacturerItemDescription>
      <UnitQty>גרמים</UnitQty>
      <Quantity>170.00</Quantity>
      <bIsWeighted>0</bIsWeighted>
      <UnitOfMeasure>100 גרם</UnitOfMeasure>
      <QtyInPackage>0</QtyInPackage>
      <ItemPrice>11.90</ItemPrice>
      <UnitOfMeasurePrice>7.00</UnitOfMeasurePrice>
      <AllowDiscount>1</AllowDiscount>
      <ItemStatus>0</ItemStatus>
    </Item>
    <Item>
      <PriceUpdateDate>2024-12-25 06:30</PriceUpdateDate>
      <ItemCode>7296073222279</ItemCode>
      <ItemType>1</ItemType>
      <ItemName>נקניקיות וינר שופרסל 1קג</ItemName>
      <ManufacturerName>מעדני יחיעם</ManufacturerName>
      <ManufactureCountry>IL</ManufactureCountry>
      <ManufacturerItemDescription>נקניקיות וינר</ManufacturerItemDescription>
      <UnitQty>קילוגרמים</UnitQty>
      <Quantity>1.00</Quantity>
      <bIsWeighted>0</bIsWeighted>
      <UnitOfMeasure>ק"ג</UnitOfMeasure>
      <QtyInPackage>0</QtyInPackage>
      <ItemPrice>28.50</ItemPrice>
      <UnitOfMeasurePrice>28.50</UnitOfMeasurePrice>
      <AllowDiscount>1</AllowDiscount>
      <ItemStatus>0</ItemStatus>
    </Item>
    <Item>
      <PriceUpdateDate>2024-12-25 06:30</PriceUpdateDate>
      <ItemCode>7296073224402</ItemCode>
      <ItemType>1</ItemType>
      <ItemName>גרגירי חומוס</ItemName>
      <ManufacturerName />
      <ManufactureCountry>IL</ManufactureCountry>
      <ManufacturerItemDescription>גרגירי חומוס</ManufacturerItemDescription>
      <UnitQty>גרמים</UnitQty>
      <Quantity>500.00</Quantity>
      <bIsWeighted>0</bIsWeighted>
      <UnitOfMeasure>100 גרם</UnitOfMeasure>
      <QtyInPackage>0</QtyInPackage>
      <ItemPrice>15.90</ItemPrice>
      <UnitOfMeasurePrice>3.18</UnitOfMeasurePrice>
      <AllowDiscount>1</AllowDiscount>
      <ItemStatus>0</ItemStatus>
    </Item>
    <Item>
      <PriceUpdateDate>2024-12-25 06:30</PriceUpdateDate>
      <ItemCode>7296073224471</ItemCode>
      <ItemType>1</ItemType>
      <ItemName>עדשים אדומות אורגניות</ItemName>
      <ManufacturerName>מקס ברנר תעשיות בע"\מ</ManufacturerName>
      <ManufactureCountry>IL</ManufactureCountry>
      <ManufacturerItemDescription>עדשים אדומות אורגניות</ManufacturerItemDescription>
      <UnitQty>גרמים</UnitQty>
      <Quantity>500.00</Quantity>
      <bIsWeighted>0</bIsWeighted>
      <UnitOfMeasure>100 גרם</UnitOfMeasure>
      <QtyInPackage>0</QtyInPackage>
      <ItemPrice>15.90</ItemPrice>
      <UnitOfMeasurePrice>3.18</UnitOfMeasurePrice>
      <AllowDiscount>1</AllowDiscount>
      <ItemStatus>0</ItemStatus>
    </Item>
    <Item>
      <PriceUpdateDate>2024-12-25 06:30</PriceUpdateDate>
      <ItemCode>7296073241331</ItemCode>
      <ItemType>1</ItemType>
      <ItemName>עגבנ.שרי אדומות 460 גרם</ItemName>
      <ManufacturerName>יבולי בר אורגני</ManufacturerName>
      <ManufactureCountry>IL</ManufactureCountry>
      <ManufacturerItemDescription>עגבנ.שרי אדומות 460 גרם</ManufacturerItemDescription>
      <UnitQty>גרמים</UnitQty>
      <Quantity>460.00</Quantity>
      <bIsWeighted>0</bIsWeighted>
      <UnitOfMeasure>100 גרם</UnitOfMeasure>
      <QtyInPackage>1</QtyInPackage>
      <ItemPrice>15.90</ItemPrice>
      <UnitOfMeasurePrice>3.46</UnitOfMeasurePrice>
      <AllowDiscount>1</AllowDiscount>
      <ItemStatus>1</ItemStatus>
    </Item>
    <Item>
      <PriceUpdateDate>2024-12-25 14:45</PriceUpdateDate>
      <ItemCode>7296073270287</ItemCode>
      <ItemType>1</ItemType>
      <ItemName>תבנית אלומיניום אינגליש</ItemName>
      <ManufacturerName>כללי</ManufacturerName>
      <ManufactureCountry>IL</ManufactureCountry>
      <ManufacturerItemDescription>תבניות אינגליש</ManufacturerItemDescription>
      <UnitQty>יחידה</UnitQty>
      <Quantity>1.00</Quantity>
      <bIsWeighted>0</bIsWeighted>
      <UnitOfMeasure>יחידה</UnitOfMeasure>
      <QtyInPackage>1</QtyInPackage>
      <ItemPrice>14.50</ItemPrice>
      <UnitOfMeasurePrice>14.50</UnitOfMeasurePrice>
      <AllowDiscount>1</AllowDiscount>
      <ItemStatus>1</ItemStatus>
    </Item>
    <Item>
      <PriceUpdateDate>2024-12-25 14:45</PriceUpdateDate>
      <ItemCode>7296073270294</ItemCode>
      <ItemType>1</ItemType>
      <ItemName>תבנית אלומיניום מוארכת 9</ItemName>
      <ManufacturerName>פאלאס</ManufacturerName>
      <ManufactureCountry>IL</ManufactureCountry>
      <ManufacturerItemDescription>תבניות מלבניות</ManufacturerItemDescription>
      <UnitQty>יחידה</UnitQty>
      <Quantity>1.00</Quantity>
      <bIsWeighted>0</bIsWeighted>
      <UnitOfMeasure>יחידה</UnitOfMeasure>
      <QtyInPackage>1</QtyInPackage>
      <ItemPrice>14.50</ItemPrice>
      <UnitOfMeasurePrice>14.50</UnitOfMeasurePrice>
      <AllowDiscount>1</AllowDiscount>
      <ItemStatus>1</ItemStatus>
    </Item>
    <Item>
      <PriceUpdateDate>2024-12-25 14:45</PriceUpdateDate>
      <ItemCode>7296073270300</ItemCode>
      <ItemType>1</ItemType>
      <ItemName>תבנית אלומיניום קטנה 15י</ItemName>
      <ManufacturerName>פאלאס</ManufacturerName>
      <ManufactureCountry>IL</ManufactureCountry>
      <ManufacturerItemDescription>תבניות אלומיניום</ManufacturerItemDescription>
      <UnitQty>יחידה</UnitQty>
      <Quantity>1.00</Quantity>
      <bIsWeighted>0</bIsWeighted>
      <UnitOfMeasure>יחידה</UnitOfMeasure>
      <QtyInPackage>1</QtyInPackage>
      <ItemPrice>14.50</ItemPrice>
      <UnitOfMeasurePrice>14.50</UnitOfMeasurePrice>
      <AllowDiscount>1</AllowDiscount>
      <ItemStatus>1</ItemStatus>
    </Item>
    <Item>
      <PriceUpdateDate>2024-12-25 14:45</PriceUpdateDate>
      <ItemCode>7296073270317</ItemCode>
      <ItemType>1</ItemType>
      <ItemName>תבנית אלומיניום עגולה 7</ItemName>
      <ManufacturerName>כללי</ManufacturerName>
      <ManufactureCountry>IL</ManufactureCountry>
      <ManufacturerItemDescription>תבניות עגולות</ManufacturerItemDescription>
      <UnitQty>יחידה</UnitQty>
      <Quantity>1.00</Quantity>
      <bIsWeighted>0</bIsWeighted>
      <UnitOfMeasure>יחידה</UnitOfMeasure>
      <QtyInPackage>1</QtyInPackage>
      <ItemPrice>14.50</ItemPrice>
      <UnitOfMeasurePrice>14.50</UnitOfMeasurePrice>
      <AllowDiscount>1</AllowDiscount>
      <ItemStatus>1</ItemStatus>
    </Item>
    <Item>
      <PriceUpdateDate>2024-12-25 14:45</PriceUpdateDate>
      <ItemCode>7296073270324</ItemCode>
      <ItemType>1</ItemType>
      <ItemName>תבנית אלומיניום גדולה 7י</ItemName>
      <ManufacturerName>פאלאס</ManufacturerName>
      <ManufactureCountry>IL</ManufactureCountry>
      <ManufacturerItemDescription>תבניות אלומיניום</ManufacturerItemDescription>
      <UnitQty>יחידה</UnitQty>
      <Quantity>1.00</Quantity>
      <bIsWeighted>0</bIsWeighted>
      <UnitOfMeasure>יחידה</UnitOfMeasure>
      <QtyInPackage>1</QtyInPackage>
      <ItemPrice>14.50</ItemPrice>
      <UnitOfMeasurePrice>14.50</UnitOfMeasurePrice>
      <AllowDiscount>1</AllowDiscount>
      <ItemStatus>1</ItemStatus>
    </Item>
    <Item>
      <PriceUpdateDate>2024-12-25 14:45</PriceUpdateDate>
      <ItemCode>7296073270331</ItemCode>
      <ItemType>1</ItemType>
      <ItemName>תבנית אלומיניום ענקית 5י</ItemName>
      <ManufacturerName>פאלאס</ManufacturerName>
      <ManufactureCountry>IL</ManufactureCountry>
      <ManufacturerItemDescription>תבניות ענקיות</ManufacturerItemDescription>
      <UnitQty>יחידה</UnitQty>
      <Quantity>1.00</Quantity>
      <bIsWeighted>0</bIsWeighted>
      <UnitOfMeasure>יחידה</UnitOfMeasure>
      <QtyInPackage>1</QtyInPackage>
      <ItemPrice>14.50</ItemPrice>
      <UnitOfMeasurePrice>14.50</UnitOfMeasurePrice>
      <AllowDiscount>1</AllowDiscount>
      <ItemStatus>1</ItemStatus>
    </Item>
    <Item>
      <PriceUpdateDate>2024-12-25 14:45</PriceUpdateDate>
      <ItemCode>7296073270348</ItemCode>
      <ItemType>1</ItemType>
      <ItemName>תבנית אלומיניום קטנה 10י</ItemName>
      <ManufacturerName>כללי</ManufacturerName>
      <ManufactureCountry>IL</ManufactureCountry>
      <ManufacturerItemDescription>תבניות קטנות</ManufacturerItemDescription>
      <UnitQty>יחידה</UnitQty>
      <Quantity>1.00</Quantity>
      <bIsWeighted>0</bIsWeighted>
      <UnitOfMeasure>יחידה</UnitOfMeasure>
      <QtyInPackage>1</QtyInPackage>
      <ItemPrice>14.50</ItemPrice>
      <UnitOfMeasurePrice>14.50</UnitOfMeasurePrice>
      <AllowDiscount>1</AllowDiscount>
      <ItemStatus>1</ItemStatus>
    </Item>
    <Item>
      <PriceUpdateDate>2024-12-25 12:14</PriceUpdateDate>
      <ItemCode>7296073273226</ItemCode>
      <ItemType>1</ItemType>
      <ItemName>גפילטע פיש 400 גרם</ItemName>
      <ManufacturerName>דג עים בע"מ</ManufacturerName>
      <ManufactureCountry>IL</ManufactureCountry>
      <ManufacturerItemDescription>גפילטע פיש מצונן</ManufacturerItemDescription>
      <UnitQty>גרמים</UnitQty>
      <Quantity>400.00</Quantity>
      <bIsWeighted>0</bIsWeighted>
      <UnitOfMeasure>100 גרם</UnitOfMeasure>
      <QtyInPackage>1</QtyInPackage>
      <ItemPrice>38.90</ItemPrice>
      <UnitOfMeasurePrice>9.73</UnitOfMeasurePrice>
      <AllowDiscount>1</AllowDiscount>
      <ItemStatus>1</ItemStatus>
    </Item>
    <Item>
      <PriceUpdateDate>2024-12-25 14:45</PriceUpdateDate>
      <ItemCode>7296073273851</ItemCode>
      <ItemType>1</ItemType>
      <ItemName>סט 2 מפות אל בד מודפס270</ItemName>
      <ManufacturerName>פוגיאן לונגהי אנלידה אינ</ManufacturerName>
      <ManufactureCountry>CN</ManufactureCountry>
      <ManufacturerItemDescription>מפות אל בד</ManufacturerItemDescription>
      <UnitQty>יחידה</UnitQty>
      <Quantity>1.00</Quantity>
      <bIsWeighted>0</bIsWeighted>
      <UnitOfMeasure>יחידה</UnitOfMeasure>
      <QtyInPackage>1</QtyInPackage>
      <ItemPrice>15.00</ItemPrice>
      <UnitOfMeasurePrice>15.00</UnitOfMeasurePrice>
      <AllowDiscount>1</AllowDiscount>
      <ItemStatus>1</ItemStatus>
    </Item>
    <Item>
      <PriceUpdateDate>2024-12-25 14:45</PriceUpdateDate>
      <ItemCode>7296073289739</ItemCode>
      <ItemType>1</ItemType>
      <ItemName>שקיות צליה שופרסל 10 יח</ItemName>
      <ManufacturerName>אסיף תעשיות מזון בע"\מ</ManufacturerName>
      <ManufactureCountry>TR</ManufactureCountry>
      <ManufacturerItemDescription>שקיות צליה שופרסל 10 יח</ManufacturerItemDescription>
      <UnitQty>יחידה</UnitQty>
      <Quantity>1.00</Quantity>
      <bIsWeighted>0</bIsWeighted>
      <UnitOfMeasure>יחידה</UnitOfMeasure>
      <QtyInPackage>1</QtyInPackage>
      <ItemPrice>4.90</ItemPrice>
      <UnitOfMeasurePrice>4.90</UnitOfMeasurePrice>
      <AllowDiscount>1</AllowDiscount>
      <ItemStatus>1</ItemStatus>
    </Item>
    <Item>
      <PriceUpdateDate>2024-12-25 06:30</PriceUpdateDate>
      <ItemCode>7296073323013</ItemCode>
      <ItemType>1</ItemType>
      <ItemName>תה ארל גריי 37.5 גרם</ItemName>
      <ManufacturerName>תה עדנים</ManufacturerName>
      <ManufactureCountry>IL</ManufactureCountry>
      <ManufacturerItemDescription>תה ארל גריי 37.5 גרם</ManufacturerItemDescription>
      <UnitQty>גרמים</UnitQty>
      <Quantity>37.00</Quantity>
      <bIsWeighted>0</bIsWeighted>
      <UnitOfMeasure>100 גרם</UnitOfMeasure>
      <QtyInPackage>1</QtyInPackage>
      <ItemPrice>8.90</ItemPrice>
      <UnitOfMeasurePrice>24.05</UnitOfMeasurePrice>
      <AllowDiscount>1</AllowDiscount>
      <ItemStatus>1</ItemStatus>
    </Item>
    <Item>
      <PriceUpdateDate>2024-12-25 14:45</PriceUpdateDate>
      <ItemCode>7296073323594</ItemCode>
      <ItemType>1</ItemType>
      <ItemName>נייר אפייה אקולוגי יח</ItemName>
      <ManufacturerName>אסיף תעשיות מזון בע"\מ</ManufacturerName>
      <ManufactureCountry>IL</ManufactureCountry>
      <ManufacturerItemDescription>נייר אפייה אקולוגי 40 יח</ManufacturerItemDescription>
      <UnitQty>יחידה</UnitQty>
      <Quantity>1.00</Quantity>
      <bIsWeighted>0</bIsWeighted>
      <UnitOfMeasure>יחידה</UnitOfMeasure>
      <QtyInPackage>1</QtyInPackage>
      <ItemPrice>6.90</ItemPrice>
      <UnitOfMeasurePrice>6.90</UnitOfMeasurePrice>
      <AllowDiscount>1</AllowDiscount>
      <ItemStatus>1</ItemStatus>
    </Item>
    <Item>
      <PriceUpdateDate>2024-12-25 06:30</PriceUpdateDate>
      <ItemCode>7296073331629</ItemCode>
      <ItemType>1</ItemType>
      <ItemName>מברשת שיער אובלית שחורה</ItemName>
      <ManufacturerName>BE NOW</ManufacturerName>
      <ManufactureCountry>CN</ManufactureCountry>
      <ManufacturerItemDescription>מברשת אובל שחורה</ManufacturerItemDescription>
      <UnitQty>יחידה</UnitQty>
      <Quantity>1.00</Quantity>
      <bIsWeighted>0</bIsWeighted>
      <UnitOfMeasure>יחידה</UnitOfMeasure>
      <QtyInPackage>0</QtyInPackage>
      <ItemPrice>28.90</ItemPrice>
      <UnitOfMeasurePrice>28.90</UnitOfMeasurePrice>
      <AllowDiscount>1</AllowDiscount>
      <ItemStatus>1</ItemStatus>
    </Item>
    <Item>
      <PriceUpdateDate>2024-12-25 14:45</PriceUpdateDate>
      <ItemCode>7296073340249</ItemCode>
      <ItemType>1</ItemType>
      <ItemName>תבניות ענקיות 15 יחידות</ItemName>
      <ManufacturerName>פאלאס</ManufacturerName>
      <ManufactureCountry>CN</ManufactureCountry>
      <ManufacturerItemDescription>תבניות אלומיניום ענקיות</ManufacturerItemDescription>
      <UnitQty>יחידה</UnitQty>
      <Quantity>1.00</Quantity>
      <bIsWeighted>0</bIsWeighted>
      <UnitOfMeasure>יחידה</UnitOfMeasure>
      <QtyInPackage>1</QtyInPackage>
      <ItemPrice>39.90</ItemPrice>
      <UnitOfMeasurePrice>39.90</UnitOfMeasurePrice>
      <AllowDiscount>1</AllowDiscount>
      <ItemStatus>1</ItemStatus>
    </Item>
    <Item>
      <PriceUpdateDate>2024-12-25 14:45</PriceUpdateDate>
      <ItemCode>7296073340256</ItemCode>
      <ItemType>1</ItemType>
      <ItemName>תבנית אלומיניום גדולה 25</ItemName>
      <ManufacturerName>כללי</ManufacturerName>
      <ManufactureCountry>CN</ManufactureCountry>
      <ManufacturerItemDescription>תבניות גדולות</ManufacturerItemDescription>
      <UnitQty>יחידה</UnitQty>
      <Quantity>1.00</Quantity>
      <bIsWeighted>0</bIsWeighted>
      <UnitOfMeasure>יחידה</UnitOfMeasure>
      <QtyInPackage>1</QtyInPackage>
      <ItemPrice>39.40</ItemPrice>
      <UnitOfMeasurePrice>39.40</UnitOfMeasurePrice>
      <AllowDiscount>1</AllowDiscount>
      <ItemStatus>1</ItemStatus>
    </Item>
    <Item>
      <PriceUpdateDate>2024-12-25 12:17</PriceUpdateDate>
      <ItemCode>7296073343660</ItemCode>
      <ItemType>1</ItemType>
      <ItemName>Be מסיר לק לא אציטון175מ</ItemName>
      <ManufacturerName>כללי</ManufacturerName>
      <ManufactureCountry>TR</ManufactureCountry>
      <ManufacturerItemDescription>מסיר לק ללא אציט</ManufacturerItemDescription>
      <UnitQty>מיליליטרים</UnitQty>
      <Quantity>175.00</Quantity>
      <bIsWeighted>0</bIsWeighted>
      <UnitOfMeasure>100 מ"ל</UnitOfMeasure>
      <QtyInPackage>1</QtyInPackage>
      <ItemPrice>11.20</ItemPrice>
      <UnitOfMeasurePrice>6.40</UnitOfMeasurePrice>
      <AllowDiscount>1</AllowDiscount>
      <ItemStatus>1</ItemStatus>
    </Item>
    <Item>
      <PriceUpdateDate>2024-12-25 06:30</PriceUpdateDate>
      <ItemCode>7296073345060</ItemCode>
      <ItemType>1</ItemType>
      <ItemName>לחם לבן ללא גלוטן 500 גר</ItemName>
      <ManufacturerName>---</ManufacturerName>
      <ManufactureCountry>IL</ManufactureCountry>
      <ManufacturerItemDescription>לחם לבן ל.גלוטן</ManufacturerItemDescription>
      <UnitQty>גרמים</UnitQty>
      <Quantity>500.00</Quantity>
      <bIsWeighted>0</bIsWeighted>
      <UnitOfMeasure>100 גרם</UnitOfMeasure>
      <QtyInPackage>1</QtyInPackage>
      <ItemPrice>17.90</ItemPrice>
      <UnitOfMeasurePrice>3.58</UnitOfMeasurePrice>
      <AllowDiscount>1</AllowDiscount>
      <ItemStatus>0</ItemStatus>
    </Item>
    <Item>
      <PriceUpdateDate>2024-12-25 06:30</PriceUpdateDate>
      <ItemCode>7296073345114</ItemCode>
      <ItemType>1</ItemType>
      <ItemName>לחמניות באגט ל.ג 120*3גר</ItemName>
      <ManufacturerName>גידרון תעשיות בע"מ</ManufacturerName>
      <ManufactureCountry>IL</ManufactureCountry>
      <ManufacturerItemDescription>לחמניות באגט 3יח</ManufacturerItemDescription>
      <UnitQty>גרמים</UnitQty>
      <Quantity>360.00</Quantity>
      <bIsWeighted>0</bIsWeighted>
      <UnitOfMeasure>100 גרם</UnitOfMeasure>
      <QtyInPackage>1</QtyInPackage>
      <ItemPrice>20.90</ItemPrice>
      <UnitOfMeasurePrice>5.81</UnitOfMeasurePrice>
      <AllowDiscount>1</AllowDiscount>
      <ItemStatus>0</ItemStatus>
    </Item>
    <Item>
      <PriceUpdateDate>2024-12-25 06:40</PriceUpdateDate>
      <ItemCode>7296073345350</ItemCode>
      <ItemType>1</ItemType>
      <ItemName>מברשת שיניים ילדים גיל+5</ItemName>
      <ManufacturerName>באנאט</ManufacturerName>
      <ManufactureCountry>TR</ManufactureCountry>
      <ManufacturerItemDescription>מברשת שיניים KID</ManufacturerItemDescription>
      <UnitQty>יחידה</UnitQty>
      <Quantity>1.00</Quantity>
      <bIsWeighted>0</bIsWeighted>
      <UnitOfMeasure>יחידה</UnitOfMeasure>
      <QtyInPackage>1</QtyInPackage>
      <ItemPrice>11.50</ItemPrice>
      <UnitOfMeasurePrice>11.50</UnitOfMeasurePrice>
      <AllowDiscount>1</AllowDiscount>
      <ItemStatus>1</ItemStatus>
    </Item>
    <Item>
      <PriceUpdateDate>2024-12-25 14:46</PriceUpdateDate>
      <ItemCode>7296073361459</ItemCode>
      <ItemType>1</ItemType>
      <ItemName>6 מברשות שיניים רולי</ItemName>
      <ManufacturerName>רולי</ManufacturerName>
      <ManufactureCountry>IT</ManufactureCountry>
      <ManufacturerItemDescription>מברשת שיניים רול</ManufacturerItemDescription>
      <UnitQty>יחידה</UnitQty>
      <Quantity>1.00</Quantity>
      <bIsWeighted>0</bIsWeighted>
      <UnitOfMeasure>יחידה</UnitOfMeasure>
      <QtyInPackage>1</QtyInPackage>
      <ItemPrice>12.50</ItemPrice>
      <UnitOfMeasurePrice>12.50</UnitOfMeasurePrice>
      <AllowDiscount>1</AllowDiscount>
      <ItemStatus>1</ItemStatus>
    </Item>
    <Item>
      <PriceUpdateDate>2024-12-25 06:40</PriceUpdateDate>
      <ItemCode>7296073363194</ItemCode>
      <ItemType>1</ItemType>
      <ItemName>Be מסכה לשיער יבש500מל</ItemName>
      <ManufacturerName>א.משי תעשיות</ManufacturerName>
      <ManufactureCountry>IL</ManufactureCountry>
      <ManufacturerItemDescription>מסכה לשיער יבשBE</ManufacturerItemDescription>
      <UnitQty>מיליליטרים</UnitQty>
      <Quantity>500.00</Quantity>
      <bIsWeighted>0</bIsWeighted>
      <UnitOfMeasure>100 מ"ל</UnitOfMeasure>
      <QtyInPackage>1</QtyInPackage>
      <ItemPrice>29.90</ItemPrice>
      <UnitOfMeasurePrice>5.98</UnitOfMeasurePrice>
      <AllowDiscount>1</AllowDiscount>
      <ItemStatus>1</ItemStatus>
    </Item>
    <Item>
      <PriceUpdateDate>2024-12-25 06:30</PriceUpdateDate>
      <ItemCode>7296073364221</ItemCode>
      <ItemType>1</ItemType>
      <ItemName>עלי בייבי אורגניים</ItemName>
      <ManufacturerName>כללי</ManufacturerName>
      <ManufactureCountry>IL</ManufactureCountry>
      <ManufacturerItemDescription>עלי בייבי אורגני</ManufacturerItemDescription>
      <UnitQty>יחידה</UnitQty>
      <Quantity>1.00</Quantity>
      <bIsWeighted>0</bIsWeighted>
      <UnitOfMeasure>יחידה</UnitOfMeasure>
      <QtyInPackage>1</QtyInPackage>
      <ItemPrice>15.90</ItemPrice>
      <UnitOfMeasurePrice>15.90</UnitOfMeasurePrice>
      <AllowDiscount>1</AllowDiscount>
      <ItemStatus>0</ItemStatus>
    </Item>
    <Item>
      <PriceUpdateDate>2024-12-25 06:40</PriceUpdateDate>
      <ItemCode>7296073376200</ItemCode>
      <ItemType>1</ItemType>
      <ItemName>זוג כפיות רגישות לחום</ItemName>
      <ManufacturerName>LUV.N`CARE</ManufacturerName>
      <ManufactureCountry>CN</ManufactureCountry>
      <ManufacturerItemDescription>זוג כפיות</ManufacturerItemDescription>
      <UnitQty>יחידה</UnitQty>
      <Quantity>1.00</Quantity>
      <bIsWeighted>0</bIsWeighted>
      <UnitOfMeasure>יחידה</UnitOfMeasure>
      <QtyInPackage>1</QtyInPackage>
      <ItemPrice>15.10</ItemPrice>
      <UnitOfMeasurePrice>15.10</UnitOfMeasurePrice>
      <AllowDiscount>1</AllowDiscount>
      <ItemStatus>1</ItemStatus>
    </Item>
    <Item>
      <PriceUpdateDate>2024-12-25 06:40</PriceUpdateDate>
      <ItemCode>7296073380160</ItemCode>
      <ItemType>1</ItemType>
      <ItemName>עגבניה שרי כתום</ItemName>
      <ManufacturerName>עידו נחום</ManufacturerName>
      <ManufactureCountry>IL</ManufactureCountry>
      <ManufacturerItemDescription>עגבניות שרי כתום</ManufacturerItemDescription>
      <UnitQty>גרמים</UnitQty>
      <Quantity>460.00</Quantity>
      <bIsWeighted>0</bIsWeighted>
      <UnitOfMeasure>100 גרם</UnitOfMeasure>
      <QtyInPackage>1</QtyInPackage>
      <ItemPrice>12.90</ItemPrice>
      <UnitOfMeasurePrice>2.80</UnitOfMeasurePrice>
      <AllowDiscount>1</AllowDiscount>
      <ItemStatus>0</ItemStatus>
    </Item>
    <Item>
      <PriceUpdateDate>2024-12-25 06:40</PriceUpdateDate>
      <ItemCode>7296073381228</ItemCode>
      <ItemType>1</ItemType>
      <ItemName>תחליב רחצה Rose 700 מ"ל</ItemName>
      <ManufacturerName>בי.אף.אף</ManufacturerName>
      <ManufactureCountry>TR</ManufactureCountry>
      <ManufacturerItemDescription>תחליב רחצה</ManufacturerItemDescription>
      <UnitQty>מיליליטרים</UnitQty>
      <Quantity>700.00</Quantity>
      <bIsWeighted>0</bIsWeighted>
      <UnitOfMeasure>100 מ"ל</UnitOfMeasure>
      <QtyInPackage>1</QtyInPackage>
      <ItemPrice>13.90</ItemPrice>
      <UnitOfMeasurePrice>1.99</UnitOfMeasurePrice>
      <AllowDiscount>1</AllowDiscount>
      <ItemStatus>1</ItemStatus>
    </Item>
    <Item>
      <PriceUpdateDate>2024-12-25 06:40</PriceUpdateDate>
      <ItemCode>7296073403142</ItemCode>
      <ItemType>1</ItemType>
      <ItemName>סבון לאסלה לימון 50*3 גר</ItemName>
      <ManufacturerName>רנקסאן פלסטיק סונגר סאן</ManufacturerName>
      <ManufactureCountry>TR</ManufactureCountry>
      <ManufacturerItemDescription>סבון לאסלה לימון 3*50 גר</ManufacturerItemDescription>
      <UnitQty>יחידה</UnitQty>
      <Quantity>1.00</Quantity>
      <bIsWeighted>0</bIsWeighted>
      <UnitOfMeasure>יחידה</UnitOfMeasure>
      <QtyInPackage>1</QtyInPackage>
      <ItemPrice>10.90</ItemPrice>
      <UnitOfMeasurePrice>10.90</UnitOfMeasurePrice>
      <AllowDiscount>1</AllowDiscount>
      <ItemStatus>1</ItemStatus>
    </Item>
    <Item>
      <PriceUpdateDate>2024-12-25 06:40</PriceUpdateDate>
      <ItemCode>7296073405993</ItemCode>
      <ItemType>1</ItemType>
      <ItemName>יוגורט יווני וניל 150 גר</ItemName>
      <ManufacturerName>S.A MEVGAL</ManufacturerName>
      <ManufactureCountry>GR</ManufactureCountry>
      <ManufacturerItemDescription>יוגורט יווני וניל 150 גר</ManufacturerItemDescription>
      <UnitQty>גרמים</UnitQty>
      <Quantity>150.00</Quantity>
      <bIsWeighted>0</bIsWeighted>
      <UnitOfMeasure>100 גרם</UnitOfMeasure>
      <QtyInPackage>1</QtyInPackage>
      <ItemPrice>6.60</ItemPrice>
      <UnitOfMeasurePrice>4.40</UnitOfMeasurePrice>
      <AllowDiscount>1</AllowDiscount>
      <ItemStatus>1</ItemStatus>
    </Item>
    <Item>
      <PriceUpdateDate>2024-12-25 14:45</PriceUpdateDate>
      <ItemCode>7296073408888</ItemCode>
      <ItemType>1</ItemType>
      <ItemName>נייר אפייה 50 יחידות</ItemName>
      <ManufacturerName>אר.ג'\י.אם תעשיות מזון ב</ManufacturerName>
      <ManufactureCountry>IL</ManufactureCountry>
      <ManufacturerItemDescription>נייר אפייה</ManufacturerItemDescription>
      <UnitQty>יחידה</UnitQty>
      <Quantity>1.00</Quantity>
      <bIsWeighted>0</bIsWeighted>
      <UnitOfMeasure>יחידה</UnitOfMeasure>
      <QtyInPackage>1</QtyInPackage>
      <ItemPrice>12.90</ItemPrice>
      <UnitOfMeasurePrice>12.90</UnitOfMeasurePrice>
      <AllowDiscount>1</AllowDiscount>
      <ItemStatus>1</ItemStatus>
    </Item>
    <Item>
      <PriceUpdateDate>2024-12-25 06:40</PriceUpdateDate>
      <ItemCode>7296073409120</ItemCode>
      <ItemType>1</ItemType>
      <ItemName>פופקורן מופחת שומן85*5גר</ItemName>
      <ManufacturerName>AST נובולוג</ManufacturerName>
      <ManufactureCountry>BG</ManufactureCountry>
      <ManufacturerItemDescription>פופקורן למיקרוגל</ManufacturerItemDescription>
      <UnitQty>גרמים</UnitQty>
      <Quantity>425.00</Quantity>
      <bIsWeighted>0</bIsWeighted>
      <UnitOfMeasure>100 גרם</UnitOfMeasure>
      <QtyInPackage>1</QtyInPackage>
      <ItemPrice>10.00</ItemPrice>
      <UnitOfMeasurePrice>2.35</UnitOfMeasurePrice>
      <AllowDiscount>1</AllowDiscount>
      <ItemStatus>0</ItemStatus>
    </Item>
    <Item>
      <PriceUpdateDate>2024-12-25 06:50</PriceUpdateDate>
      <ItemCode>7296073410423</ItemCode>
      <ItemType>1</ItemType>
      <ItemName>ביצים אומגהL שופרסל 12יח</ItemName>
      <ManufacturerName />
      <ManufactureCountry />
      <ManufacturerItemDescription>ביצים אומגה12יחL</ManufacturerItemDescription>
      <UnitQty>יחידה</UnitQty>
      <Quantity>1.00</Quantity>
      <bIsWeighted>0</bIsWeighted>
      <UnitOfMeasure>יחידה</UnitOfMeasure>
      <QtyInPackage>0</QtyInPackage>
      <ItemPrice>24.90</ItemPrice>
      <UnitOfMeasurePrice>24.90</UnitOfMeasurePrice>
      <AllowDiscount>1</AllowDiscount>
      <ItemStatus>1</ItemStatus>
    </Item>
    <Item>
      <PriceUpdateDate>2024-12-25 06:40</PriceUpdateDate>
      <ItemCode>7296073415077</ItemCode>
      <ItemType>1</ItemType>
      <ItemName>28תחבושות נורמל עם כנפי</ItemName>
      <ManufacturerName>קוראטקס</ManufacturerName>
      <ManufactureCountry>DE</ManufactureCountry>
      <ManufacturerItemDescription>תחבושות B</ManufacturerItemDescription>
      <UnitQty>יחידה</UnitQty>
      <Quantity>1.00</Quantity>
      <bIsWeighted>0</bIsWeighted>
      <UnitOfMeasure>יחידה</UnitOfMeasure>
      <QtyInPackage>1</QtyInPackage>
      <ItemPrice>13.90</ItemPrice>
      <UnitOfMeasurePrice>13.90</UnitOfMeasurePrice>
      <AllowDiscount>1</AllowDiscount>
      <ItemStatus>0</ItemStatus>
    </Item>
    <Item>
      <PriceUpdateDate>2024-12-25 12:14</PriceUpdateDate>
      <ItemCode>7296073421801</ItemCode>
      <ItemType>1</ItemType>
      <ItemName>גבינת פרמזן30% 200ג שופר</ItemName>
      <ManufacturerName>אמברוסי</ManufacturerName>
      <ManufactureCountry>IT</ManufactureCountry>
      <ManufacturerItemDescription>גבינת פרמזן</ManufacturerItemDescription>
      <UnitQty>גרמים</UnitQty>
      <Quantity>200.00</Quantity>
      <bIsWeighted>0</bIsWeighted>
      <UnitOfMeasure>100 גרם</UnitOfMeasure>
      <QtyInPackage>1</QtyInPackage>
      <ItemPrice>26.90</ItemPrice>
      <UnitOfMeasurePrice>13.45</UnitOfMeasurePrice>
      <AllowDiscount>1</AllowDiscount>
      <ItemStatus>1</ItemStatus>
    </Item>
    <Item>
      <PriceUpdateDate>2024-12-25 12:14</PriceUpdateDate>
      <ItemCode>7296073421825</ItemCode>
      <ItemType>1</ItemType>
      <ItemName>גרנה פדנו29%שופרסל200ג</ItemName>
      <ManufacturerName>אמברוסי</ManufacturerName>
      <ManufactureCountry>IT</ManufactureCountry>
      <ManufacturerItemDescription>גרנה פדנו</ManufacturerItemDescription>
      <UnitQty>גרמים</UnitQty>
      <Quantity>200.00</Quantity>
      <bIsWeighted>0</bIsWeighted>
      <UnitOfMeasure>100 גרם</UnitOfMeasure>
      <QtyInPackage>1</QtyInPackage>
      <ItemPrice>27.50</ItemPrice>
      <UnitOfMeasurePrice>13.75</UnitOfMeasurePrice>
      <AllowDiscount>1</AllowDiscount>
      <ItemStatus>1</ItemStatus>
    </Item>
    <Item>
      <PriceUpdateDate>2024-12-25 06:40</PriceUpdateDate>
      <ItemCode>7296073427803</ItemCode>
      <ItemType>1</ItemType>
      <ItemName>מטליות לרצפה מאסק10יח</ItemName>
      <ManufacturerName>טרופיקל דגיל בע"מ</ManufacturerName>
      <ManufactureCountry>IL</ManufactureCountry>
      <ManufacturerItemDescription>מטליות לרצפה מאסק10יח</ManufacturerItemDescription>
      <UnitQty>יחידה</UnitQty>
      <Quantity>1.00</Quantity>
      <bIsWeighted>0</bIsWeighted>
      <UnitOfMeasure>יחידה</UnitOfMeasure>
      <QtyInPackage>1</QtyInPackage>
      <ItemPrice>11.90</ItemPrice>
      <UnitOfMeasurePrice>11.90</UnitOfMeasurePrice>
      <AllowDiscount>1</AllowDiscount>
      <ItemStatus>0</ItemStatus>
    </Item>
    <Item>
      <PriceUpdateDate>2024-12-25 07:00</PriceUpdateDate>
      <ItemCode>7296073429814</ItemCode>
      <ItemType>1</ItemType>
      <ItemName>צימצורי שופרסל 180 גרם</ItemName>
      <ManufacturerName>פרסקו חצבה 2006 בע"\מ</ManufacturerName>
      <ManufactureCountry>IL</ManufactureCountry>
      <ManufacturerItemDescription>צימצורי</ManufacturerItemDescription>
      <UnitQty>גרמים</UnitQty>
      <Quantity>180.00</Quantity>
      <bIsWeighted>0</bIsWeighted>
      <UnitOfMeasure>100 גרם</UnitOfMeasure>
      <QtyInPackage>1</QtyInPackage>
      <ItemPrice>12.90</ItemPrice>
      <UnitOfMeasurePrice>7.17</UnitOfMeasurePrice>
      <AllowDiscount>1</AllowDiscount>
      <ItemStatus>0</ItemStatus>
    </Item>
    <Item>
      <PriceUpdateDate>2024-12-25 06:40</PriceUpdateDate>
      <ItemCode>7296073429890</ItemCode>
      <ItemType>1</ItemType>
      <ItemName>אורז בסמטי שופרסל 1 ק"ג</ItemName>
      <ManufacturerName>צמן</ManufacturerName>
      <ManufactureCountry>IN</ManufactureCountry>
      <ManufacturerItemDescription>אורז בסמטי שופרסל 1 ק"ג</ManufacturerItemDescription>
      <UnitQty>קילוגרמים</UnitQty>
      <Quantity>1.00</Quantity>
      <bIsWeighted>0</bIsWeighted>
      <UnitOfMeasure>ק"ג</UnitOfMeasure>
      <QtyInPackage>1</QtyInPackage>
      <ItemPrice>10.90</ItemPrice>
      <UnitOfMeasurePrice>10.90</UnitOfMeasurePrice>
      <AllowDiscount>1</AllowDiscount>
      <ItemStatus>0</ItemStatus>
    </Item>
    <Item>
      <PriceUpdateDate>2024-12-25 06:50</PriceUpdateDate>
      <ItemCode>7296073432937</ItemCode>
      <ItemType>1</ItemType>
      <ItemName>מטליות אנטיבקטריאליות2יח</ItemName>
      <ManufacturerName>סיקמקס</ManufacturerName>
      <ManufactureCountry>CN</ManufactureCountry>
      <ManufacturerItemDescription>מטליות מיקרו</ManufacturerItemDescription>
      <UnitQty>יחידה</UnitQty>
      <Quantity>1.00</Quantity>
      <bIsWeighted>0</bIsWeighted>
      <UnitOfMeasure>יחידה</UnitOfMeasure>
      <QtyInPackage>1</QtyInPackage>
      <ItemPrice>12.90</ItemPrice>
      <UnitOfMeasurePrice>12.90</UnitOfMeasurePrice>
      <AllowDiscount>1</AllowDiscount>
      <ItemStatus>0</ItemStatus>
    </Item>
    <Item>
      <PriceUpdateDate>2024-12-25 07:00</PriceUpdateDate>
      <ItemCode>7296073444251</ItemCode>
      <ItemType>1</ItemType>
      <ItemName>30 חיתולים שלב 6 שופרסל</ItemName>
      <ManufacturerName>DPL</ManufacturerName>
      <ManufactureCountry>IL</ManufactureCountry>
      <ManufacturerItemDescription>30 חיתולים שלב 6 שופרסל</ManufacturerItemDescription>
      <UnitQty>יחידה</UnitQty>
      <Quantity>1.00</Quantity>
      <bIsWeighted>0</bIsWeighted>
      <UnitOfMeasure>יחידה</UnitOfMeasure>
      <QtyInPackage>1</QtyInPackage>
      <ItemPrice>30.90</ItemPrice>
      <UnitOfMeasurePrice>30.90</UnitOfMeasurePrice>
      <AllowDiscount>1</AllowDiscount>
      <ItemStatus>1</ItemStatus>
    </Item>
    <Item>
      <PriceUpdateDate>2024-12-25 07:00</PriceUpdateDate>
      <ItemCode>7296073448471</ItemCode>
      <ItemType>1</ItemType>
      <ItemName>Be אל סבון  לילדים700מל</ItemName>
      <ManufacturerName>בי.אף.אף</ManufacturerName>
      <ManufactureCountry>TR</ManufactureCountry>
      <ManufacturerItemDescription>אל סבון לילדים</ManufacturerItemDescription>
      <UnitQty>מיליליטרים</UnitQty>
      <Quantity>700.00</Quantity>
      <bIsWeighted>0</bIsWeighted>
      <UnitOfMeasure>100 מ"ל</UnitOfMeasure>
      <QtyInPackage>1</QtyInPackage>
      <ItemPrice>15.90</ItemPrice>
      <UnitOfMeasurePrice>2.27</UnitOfMeasurePrice>
      <AllowDiscount>1</AllowDiscount>
      <ItemStatus>0</ItemStatus>
    </Item>
    <Item>
      <PriceUpdateDate>2024-12-25 07:00</PriceUpdateDate>
      <ItemCode>7296073451518</ItemCode>
      <ItemType>1</ItemType>
      <ItemName>בורקס גבינה ל.גלוטן500ג</ItemName>
      <ManufacturerName>גידרון תעשיות בע"מ</ManufacturerName>
      <ManufactureCountry>IL</ManufactureCountry>
      <ManufacturerItemDescription>בורקס גבינה</ManufacturerItemDescription>
      <UnitQty>גרמים</UnitQty>
      <Quantity>500.00</Quantity>
      <bIsWeighted>0</bIsWeighted>
      <UnitOfMeasure>100 גרם</UnitOfMeasure>
      <QtyInPackage>1</QtyInPackage>
      <ItemPrice>24.90</ItemPrice>
      <UnitOfMeasurePrice>4.98</UnitOfMeasurePrice>
      <AllowDiscount>1</AllowDiscount>
      <ItemStatus>1</ItemStatus>
    </Item>
    <Item>
      <PriceUpdateDate>2024-12-25 07:00</PriceUpdateDate>
      <ItemCode>7296073451952</ItemCode>
      <ItemType>1</ItemType>
      <ItemName>ממרח שום שופרסל 180 גרם</ItemName>
      <ManufacturerName>פרסקו חצבה 2006 בע"\מ</ManufacturerName>
      <ManufactureCountry>IL</ManufactureCountry>
      <ManufacturerItemDescription>ממרח שום שופרסל</ManufacturerItemDescription>
      <UnitQty>גרמים</UnitQty>
      <Quantity>180.00</Quantity>
      <bIsWeighted>0</bIsWeighted>
      <UnitOfMeasure>100 גרם</UnitOfMeasure>
      <QtyInPackage>1</QtyInPackage>
      <ItemPrice>14.90</ItemPrice>
      <UnitOfMeasurePrice>8.28</UnitOfMeasurePrice>
      <AllowDiscount>1</AllowDiscount>
      <ItemStatus>1</ItemStatus>
    </Item>
    <Item>
      <PriceUpdateDate>2024-12-25 07:00</PriceUpdateDate>
      <ItemCode>7296073451983</ItemCode>
      <ItemType>1</ItemType>
      <ItemName>ממרח קרם ארטישוק 180ג</ItemName>
      <ManufacturerName>פרסקו חצבה 2006 בע"\מ</ManufacturerName>
      <ManufactureCountry>IL</ManufactureCountry>
      <ManufacturerItemDescription>ממרח קרם ארטישוק</ManufacturerItemDescription>
      <UnitQty>גרמים</UnitQty>
      <Quantity>180.00</Quantity>
      <bIsWeighted>0</bIsWeighted>
      <UnitOfMeasure>100 גרם</UnitOfMeasure>
      <QtyInPackage>1</QtyInPackage>
      <ItemPrice>14.90</ItemPrice>
      <UnitOfMeasurePrice>8.28</UnitOfMeasurePrice>
      <AllowDiscount>1</AllowDiscount>
      <ItemStatus>1</ItemStatus>
    </Item>
    <Item>
      <PriceUpdateDate>2024-12-25 07:00</PriceUpdateDate>
      <ItemCode>7296073459224</ItemCode>
      <ItemType>1</ItemType>
      <ItemName>קמח שקדים ללא גלוטן500ג</ItemName>
      <ManufacturerName>NIEDZWIADY MLYN</ManufacturerName>
      <ManufactureCountry>PL</ManufactureCountry>
      <ManufacturerItemDescription>קמח שקדים</ManufacturerItemDescription>
      <UnitQty>גרמים</UnitQty>
      <Quantity>500.00</Quantity>
      <bIsWeighted>0</bIsWeighted>
      <UnitOfMeasure>100 גרם</UnitOfMeasure>
      <QtyInPackage>1</QtyInPackage>
      <ItemPrice>43.90</ItemPrice>
      <UnitOfMeasurePrice>8.78</UnitOfMeasurePrice>
      <AllowDiscount>1</AllowDiscount>
      <ItemStatus>1</ItemStatus>
    </Item>
    <Item>
      <PriceUpdateDate>2024-12-25 06:40</PriceUpdateDate>
      <ItemCode>7296073515135</ItemCode>
      <ItemType>1</ItemType>
      <ItemName>מלית תמרים 450 גרם</ItemName>
      <ManufacturerName>טעמי הגליל בע"\מ</ManufacturerName>
      <ManufactureCountry>IL</ManufactureCountry>
      <ManufacturerItemDescription>מלית תמרים</ManufacturerItemDescription>
      <UnitQty>גרמים</UnitQty>
      <Quantity>450.00</Quantity>
      <bIsWeighted>0</bIsWeighted>
      <UnitOfMeasure>100 גרם</UnitOfMeasure>
      <QtyInPackage>1</QtyInPackage>
      <ItemPrice>6.50</ItemPrice>
      <UnitOfMeasurePrice>1.44</UnitOfMeasurePrice>
      <AllowDiscount>1</AllowDiscount>
      <ItemStatus>0</ItemStatus>
    </Item>
    <Item>
      <PriceUpdateDate>2024-12-25 07:00</PriceUpdateDate>
      <ItemCode>7296073526421</ItemCode>
      <ItemType>1</ItemType>
      <ItemName>דובדבנים אורגניים מיובש</ItemName>
      <ManufacturerName>SERENA</ManufacturerName>
      <ManufactureCountry>BG</ManufactureCountry>
      <ManufacturerItemDescription>דובדבנים אורגניי</ManufacturerItemDescription>
      <UnitQty>גרמים</UnitQty>
      <Quantity>100.00</Quantity>
      <bIsWeighted>0</bIsWeighted>
      <UnitOfMeasure>100 גרם</UnitOfMeasure>
      <QtyInPackage>1</QtyInPackage>
      <ItemPrice>21.90</ItemPrice>
      <UnitOfMeasurePrice>21.90</UnitOfMeasurePrice>
      <AllowDiscount>1</AllowDiscount>
      <ItemStatus>0</ItemStatus>
    </Item>
    <Item>
      <PriceUpdateDate>2024-12-25 07:00</PriceUpdateDate>
      <ItemCode>7296073528760</ItemCode>
      <ItemType>1</ItemType>
      <ItemName>קיסמי אוזניים עץ שק100יח</ItemName>
      <ManufacturerName>אל ואי טי</ManufacturerName>
      <ManufactureCountry>CN</ManufactureCountry>
      <ManufacturerItemDescription>קיסמי אוזניים</ManufacturerItemDescription>
      <UnitQty>יחידה</UnitQty>
      <Quantity>1.00</Quantity>
      <bIsWeighted>0</bIsWeighted>
      <UnitOfMeasure>יחידה</UnitOfMeasure>
      <QtyInPackage>1</QtyInPackage>
      <ItemPrice>3.00</ItemPrice>
      <UnitOfMeasurePrice>3.00</UnitOfMeasurePrice>
      <AllowDiscount>1</AllowDiscount>
      <ItemStatus>0</ItemStatus>
    </Item>
    <Item>
      <PriceUpdateDate>2024-12-25 07:00</PriceUpdateDate>
      <ItemCode>7296073529415</ItemCode>
      <ItemType>1</ItemType>
      <ItemName>פונדנט שוקולד קפוא180גרם</ItemName>
      <ManufacturerName>SAS POMONE</ManufacturerName>
      <ManufactureCountry>FR</ManufactureCountry>
      <ManufacturerItemDescription>פונדנט שוקולד</ManufacturerItemDescription>
      <UnitQty>גרמים</UnitQty>
      <Quantity>180.00</Quantity>
      <bIsWeighted>0</bIsWeighted>
      <UnitOfMeasure>100 גרם</UnitOfMeasure>
      <QtyInPackage>1</QtyInPackage>
      <ItemPrice>16.90</ItemPrice>
      <UnitOfMeasurePrice>9.39</UnitOfMeasurePrice>
      <AllowDiscount>1</AllowDiscount>
      <ItemStatus>1</ItemStatus>
    </Item>
    <Item>
      <PriceUpdateDate>2024-12-25 07:00</PriceUpdateDate>
      <ItemCode>7296073531302</ItemCode>
      <ItemType>1</ItemType>
      <ItemName>קפסול.קפה ט.אגוזי לוז50ג</ItemName>
      <ManufacturerName>דליקה</ManufacturerName>
      <ManufactureCountry>CH</ManufactureCountry>
      <ManufacturerItemDescription>קפסולות קפה</ManufacturerItemDescription>
      <UnitQty>גרמים</UnitQty>
      <Quantity>10.00</Quantity>
      <bIsWeighted>0</bIsWeighted>
      <UnitOfMeasure>100 גרם</UnitOfMeasure>
      <QtyInPackage>1</QtyInPackage>
      <ItemPrice>14.90</ItemPrice>
      <UnitOfMeasurePrice>149.00</UnitOfMeasurePrice>
      <AllowDiscount>1</AllowDiscount>
      <ItemStatus>0</ItemStatus>
    </Item>
    <Item>
      <PriceUpdateDate>2024-12-25 07:00</PriceUpdateDate>
      <ItemCode>7296073566311</ItemCode>
      <ItemType>1</ItemType>
      <ItemName>שוק.חלב נוגט ושקדים 100ג</ItemName>
      <ManufacturerName>DELICA</ManufacturerName>
      <ManufactureCountry>CH</ManufactureCountry>
      <ManufacturerItemDescription>שוק.חלב שבבי נוג</ManufacturerItemDescription>
      <UnitQty>גרמים</UnitQty>
      <Quantity>100.00</Quantity>
      <bIsWeighted>0</bIsWeighted>
      <UnitOfMeasure>100 גרם</UnitOfMeasure>
      <QtyInPackage>1</QtyInPackage>
      <ItemPrice>11.90</ItemPrice>
      <UnitOfMeasurePrice>11.90</UnitOfMeasurePrice>
      <AllowDiscount>1</AllowDiscount>
      <ItemStatus>1</ItemStatus>
    </Item>
    <Item>
      <PriceUpdateDate>2024-12-25 06:40</PriceUpdateDate>
      <ItemCode>7296073566939</ItemCode>
      <ItemType>1</ItemType>
      <ItemName>מיקס ירקות למרק יחידה</ItemName>
      <ManufacturerName>אליגם שיווק חקלאי בע"מ</ManufacturerName>
      <ManufactureCountry>IL</ManufactureCountry>
      <ManufacturerItemDescription>מיקס ירקות למרק יחידה</ManufacturerItemDescription>
      <UnitQty>יחידה</UnitQty>
      <Quantity>1.00</Quantity>
      <bIsWeighted>0</bIsWeighted>
      <UnitOfMeasure>יחידה</UnitOfMeasure>
      <QtyInPackage>1</QtyInPackage>
      <ItemPrice>17.90</ItemPrice>
      <UnitOfMeasurePrice>17.90</UnitOfMeasurePrice>
      <AllowDiscount>1</AllowDiscount>
      <ItemStatus>1</ItemStatus>
    </Item>
    <Item>
      <PriceUpdateDate>2024-12-25 06:50</PriceUpdateDate>
      <ItemCode>7296073592372</ItemCode>
      <ItemType>1</ItemType>
      <ItemName>נייר טואלט דו שכבתי32גל</ItemName>
      <ManufacturerName>שניב תעשיות נייר</ManufacturerName>
      <ManufactureCountry>IL</ManufactureCountry>
      <ManufacturerItemDescription>נייר טואלט 32גל</ManufacturerItemDescription>
      <UnitQty>מטרים</UnitQty>
      <Quantity>573.00</Quantity>
      <bIsWeighted>0</bIsWeighted>
      <UnitOfMeasure>100 מטר</UnitOfMeasure>
      <QtyInPackage>1</QtyInPackage>
      <ItemPrice>33.90</ItemPrice>
      <UnitOfMeasurePrice>5.92</UnitOfMeasurePrice>
      <AllowDiscount>1</AllowDiscount>
      <ItemStatus>0</ItemStatus>
    </Item>
    <Item>
      <PriceUpdateDate>2024-12-25 14:45</PriceUpdateDate>
      <ItemCode>7296073600459</ItemCode>
      <ItemType>1</ItemType>
      <ItemName>סט צלחות קנה סוכר מרובע</ItemName>
      <ManufacturerName>כללי</ManufacturerName>
      <ManufactureCountry>CN</ManufactureCountry>
      <ManufacturerItemDescription>סט צלחות</ManufacturerItemDescription>
      <UnitQty>יחידה</UnitQty>
      <Quantity>1.00</Quantity>
      <bIsWeighted>0</bIsWeighted>
      <UnitOfMeasure>יחידה</UnitOfMeasure>
      <QtyInPackage>1</QtyInPackage>
      <ItemPrice>19.90</ItemPrice>
      <UnitOfMeasurePrice>19.90</UnitOfMeasurePrice>
      <AllowDiscount>1</AllowDiscount>
      <ItemStatus>1</ItemStatus>
    </Item>
    <Item>
      <PriceUpdateDate>2024-12-25 06:50</PriceUpdateDate>
      <ItemCode>7296073612797</ItemCode>
      <ItemType>1</ItemType>
      <ItemName>פסטה עם תרד 400 גרם</ItemName>
      <ManufacturerName>פאסטיפיקו</ManufacturerName>
      <ManufactureCountry>IT</ManufactureCountry>
      <ManufacturerItemDescription>פסטה עם תרד</ManufacturerItemDescription>
      <UnitQty>גרמים</UnitQty>
      <Quantity>400.00</Quantity>
      <bIsWeighted>0</bIsWeighted>
      <UnitOfMeasure>100 גרם</UnitOfMeasure>
      <QtyInPackage>1</QtyInPackage>
      <ItemPrice>15.90</ItemPrice>
      <UnitOfMeasurePrice>3.98</UnitOfMeasurePrice>
      <AllowDiscount>1</AllowDiscount>
      <ItemStatus>1</ItemStatus>
    </Item>
    <Item>
      <PriceUpdateDate>2024-12-25 07:00</PriceUpdateDate>
      <ItemCode>7296073612810</ItemCode>
      <ItemType>1</ItemType>
      <ItemName>פסטה עם פלפל צ'ילי 400 ג</ItemName>
      <ManufacturerName>פאסטיפיקו</ManufacturerName>
      <ManufactureCountry>IT</ManufactureCountry>
      <ManufacturerItemDescription>פסטה+פלפל צ'ילי</ManufacturerItemDescription>
      <UnitQty>גרמים</UnitQty>
      <Quantity>400.00</Quantity>
      <bIsWeighted>0</bIsWeighted>
      <UnitOfMeasure>100 גרם</UnitOfMeasure>
      <QtyInPackage>1</QtyInPackage>
      <ItemPrice>15.90</ItemPrice>
      <UnitOfMeasurePrice>3.98</UnitOfMeasurePrice>
      <AllowDiscount>1</AllowDiscount>
      <ItemStatus>1</ItemStatus>
    </Item>
    <Item>
      <PriceUpdateDate>2024-12-25 07:00</PriceUpdateDate>
      <ItemCode>7296073626701</ItemCode>
      <ItemType>1</ItemType>
      <ItemName>מלח הימלאיה דק 1 ק"ג</ItemName>
      <ManufacturerName>סנקי</ManufacturerName>
      <ManufactureCountry>IL</ManufactureCountry>
      <ManufacturerItemDescription>מלח הימלאיה דק</ManufacturerItemDescription>
      <UnitQty>קילוגרמים</UnitQty>
      <Quantity>0.00</Quantity>
      <bIsWeighted>0</bIsWeighted>
      <UnitOfMeasure>ק"ג</UnitOfMeasure>
      <QtyInPackage>1</QtyInPackage>
      <ItemPrice>18.90</ItemPrice>
      <UnitOfMeasurePrice>18.90</UnitOfMeasurePrice>
      <AllowDiscount>1</AllowDiscount>
      <ItemStatus>1</ItemStatus>
    </Item>
    <Item>
      <PriceUpdateDate>2024-12-25 07:00</PriceUpdateDate>
      <ItemCode>7296073629122</ItemCode>
      <ItemType>1</ItemType>
      <ItemName>מטבעות שוקולד חלב 36 גרם</ItemName>
      <ManufacturerName>ואל קור קורסניני אס אנ ס</ManufacturerName>
      <ManufactureCountry>NL</ManufactureCountry>
      <ManufacturerItemDescription>מטבעות שוקולד חל</ManufacturerItemDescription>
      <UnitQty>גרמים</UnitQty>
      <Quantity>36.00</Quantity>
      <bIsWeighted>0</bIsWeighted>
      <UnitOfMeasure>100 גרם</UnitOfMeasure>
      <QtyInPackage>1</QtyInPackage>
      <ItemPrice>3.90</ItemPrice>
      <UnitOfMeasurePrice>10.83</UnitOfMeasurePrice>
      <AllowDiscount>1</AllowDiscount>
      <ItemStatus>0</ItemStatus>
    </Item>
    <Item>
      <PriceUpdateDate>2024-12-25 12:17</PriceUpdateDate>
      <ItemCode>7296073644309</ItemCode>
      <ItemType>1</ItemType>
      <ItemName>נר בצנצנת זכוכית סגול יח</ItemName>
      <ManufacturerName>כללי</ManufacturerName>
      <ManufactureCountry>CN</ManufactureCountry>
      <ManufacturerItemDescription>נר בצנצנת זכוכית</ManufacturerItemDescription>
      <UnitQty>יחידה</UnitQty>
      <Quantity>1.00</Quantity>
      <bIsWeighted>0</bIsWeighted>
      <UnitOfMeasure>יחידה</UnitOfMeasure>
      <QtyInPackage>1</QtyInPackage>
      <ItemPrice>70.90</ItemPrice>
      <UnitOfMeasurePrice>70.90</UnitOfMeasurePrice>
      <AllowDiscount>1</AllowDiscount>
      <ItemStatus>1</ItemStatus>
    </Item>
    <Item>
      <PriceUpdateDate>2024-12-25 12:17</PriceUpdateDate>
      <ItemCode>7296073644330</ItemCode>
      <ItemType>1</ItemType>
      <ItemName>נר בצנצנת זכוכית ירוק יח</ItemName>
      <ManufacturerName>כללי</ManufacturerName>
      <ManufactureCountry>CN</ManufactureCountry>
      <ManufacturerItemDescription>נר בצנצנת זכוכית</ManufacturerItemDescription>
      <UnitQty>יחידה</UnitQty>
      <Quantity>1.00</Quantity>
      <bIsWeighted>0</bIsWeighted>
      <UnitOfMeasure>יחידה</UnitOfMeasure>
      <QtyInPackage>1</QtyInPackage>
      <ItemPrice>70.90</ItemPrice>
      <UnitOfMeasurePrice>70.90</UnitOfMeasurePrice>
      <AllowDiscount>1</AllowDiscount>
      <ItemStatus>1</ItemStatus>
    </Item>
    <Item>
      <PriceUpdateDate>2024-12-25 12:17</PriceUpdateDate>
      <ItemCode>7296073644347</ItemCode>
      <ItemType>1</ItemType>
      <ItemName>מפיץ ריח זכוכית ירוק יחי</ItemName>
      <ManufacturerName>כללי</ManufacturerName>
      <ManufactureCountry>CN</ManufactureCountry>
      <ManufacturerItemDescription>מפיץ ריח זכוכית</ManufacturerItemDescription>
      <UnitQty>יחידה</UnitQty>
      <Quantity>1.00</Quantity>
      <bIsWeighted>0</bIsWeighted>
      <UnitOfMeasure>יחידה</UnitOfMeasure>
      <QtyInPackage>1</QtyInPackage>
      <ItemPrice>91.50</ItemPrice>
      <UnitOfMeasurePrice>91.50</UnitOfMeasurePrice>
      <AllowDiscount>1</AllowDiscount>
      <ItemStatus>1</ItemStatus>
    </Item>
    <Item>
      <PriceUpdateDate>2024-12-25 12:17</PriceUpdateDate>
      <ItemCode>7296073644354</ItemCode>
      <ItemType>1</ItemType>
      <ItemName>נר בצנצנת עם3פתילים ירוק</ItemName>
      <ManufacturerName>כללי</ManufacturerName>
      <ManufactureCountry>CN</ManufactureCountry>
      <ManufacturerItemDescription>נר בצנצנת עם3פתי</ManufacturerItemDescription>
      <UnitQty>יחידה</UnitQty>
      <Quantity>1.00</Quantity>
      <bIsWeighted>0</bIsWeighted>
      <UnitOfMeasure>יחידה</UnitOfMeasure>
      <QtyInPackage>1</QtyInPackage>
      <ItemPrice>101.00</ItemPrice>
      <UnitOfMeasurePrice>101.00</UnitOfMeasurePrice>
      <AllowDiscount>1</AllowDiscount>
      <ItemStatus>1</ItemStatus>
    </Item>
    <Item>
      <PriceUpdateDate>2024-12-25 06:50</PriceUpdateDate>
      <ItemCode>7296073646587</ItemCode>
      <ItemType>1</ItemType>
      <ItemName>פיצה פרימיום עם תירס 400</ItemName>
      <ManufacturerName>SRL PIZZA MEGIC</ManufacturerName>
      <ManufactureCountry>IT</ManufactureCountry>
      <ManufacturerItemDescription>פיצה עם תירס</ManufacturerItemDescription>
      <UnitQty>גרמים</UnitQty>
      <Quantity>400.00</Quantity>
      <bIsWeighted>0</bIsWeighted>
      <UnitOfMeasure>100 גרם</UnitOfMeasure>
      <QtyInPackage>1</QtyInPackage>
      <ItemPrice>26.90</ItemPrice>
      <UnitOfMeasurePrice>6.73</UnitOfMeasurePrice>
      <AllowDiscount>1</AllowDiscount>
      <ItemStatus>1</ItemStatus>
    </Item>
    <Item>
      <PriceUpdateDate>2024-12-25 06:50</PriceUpdateDate>
      <ItemCode>7296073659969</ItemCode>
      <ItemType>1</ItemType>
      <ItemName>עוגיות חיות שוקו 250 גרם</ItemName>
      <ManufacturerName>אפיפית נצרת תעשיות ביסקו</ManufacturerName>
      <ManufactureCountry>IL</ManufactureCountry>
      <ManufacturerItemDescription>עוגיות חיות שוקו</ManufacturerItemDescription>
      <UnitQty>גרמים</UnitQty>
      <Quantity>250.00</Quantity>
      <bIsWeighted>0</bIsWeighted>
      <UnitOfMeasure>100 גרם</UnitOfMeasure>
      <QtyInPackage>1</QtyInPackage>
      <ItemPrice>9.90</ItemPrice>
      <UnitOfMeasurePrice>3.96</UnitOfMeasurePrice>
      <AllowDiscount>1</AllowDiscount>
      <ItemStatus>0</ItemStatus>
    </Item>
    <Item>
      <PriceUpdateDate>2024-12-25 06:50</PriceUpdateDate>
      <ItemCode>7296073660248</ItemCode>
      <ItemType>1</ItemType>
      <ItemName>שקדים מולבנים גרוסים100ג</ItemName>
      <ManufacturerName>ששון ושות)ש.ת תעשיות(</ManufacturerName>
      <ManufactureCountry>IL</ManufactureCountry>
      <ManufacturerItemDescription>שקד מולבן גרוס</ManufacturerItemDescription>
      <UnitQty>גרמים</UnitQty>
      <Quantity>100.00</Quantity>
      <bIsWeighted>0</bIsWeighted>
      <UnitOfMeasure>100 גרם</UnitOfMeasure>
      <QtyInPackage>0</QtyInPackage>
      <ItemPrice>13.90</ItemPrice>
      <UnitOfMeasurePrice>13.90</UnitOfMeasurePrice>
      <AllowDiscount>1</AllowDiscount>
      <ItemStatus>0</ItemStatus>
    </Item>
    <Item>
      <PriceUpdateDate>2024-12-25 06:50</PriceUpdateDate>
      <ItemCode>7296073662440</ItemCode>
      <ItemType>1</ItemType>
      <ItemName>רדיד כוכבים 18 מיקרון</ItemName>
      <ManufacturerName>נינגבו</ManufacturerName>
      <ManufactureCountry>CN</ManufactureCountry>
      <ManufacturerItemDescription>רדיד כוכבים 18 מיקרון</ManufacturerItemDescription>
      <UnitQty>יחידה</UnitQty>
      <Quantity>1.00</Quantity>
      <bIsWeighted>0</bIsWeighted>
      <UnitOfMeasure>יחידה</UnitOfMeasure>
      <QtyInPackage>1</QtyInPackage>
      <ItemPrice>29.90</ItemPrice>
      <UnitOfMeasurePrice>29.90</UnitOfMeasurePrice>
      <AllowDiscount>1</AllowDiscount>
      <ItemStatus>0</ItemStatus>
    </Item>
    <Item>
      <PriceUpdateDate>2024-12-25 14:45</PriceUpdateDate>
      <ItemCode>7296073662457</ItemCode>
      <ItemType>1</ItemType>
      <ItemName>ר.אלומיניום 30 ס"מ 16 מי</ItemName>
      <ManufacturerName>נינגבו</ManufacturerName>
      <ManufactureCountry>CN</ManufactureCountry>
      <ManufacturerItemDescription>ר.אלומיניום</ManufacturerItemDescription>
      <UnitQty>יחידה</UnitQty>
      <Quantity>1.00</Quantity>
      <bIsWeighted>0</bIsWeighted>
      <UnitOfMeasure>יחידה</UnitOfMeasure>
      <QtyInPackage>1</QtyInPackage>
      <ItemPrice>29.90</ItemPrice>
      <UnitOfMeasurePrice>29.90</UnitOfMeasurePrice>
      <AllowDiscount>1</AllowDiscount>
      <ItemStatus>1</ItemStatus>
    </Item>
    <Item>
      <PriceUpdateDate>2024-12-25 14:45</PriceUpdateDate>
      <ItemCode>7296073662587</ItemCode>
      <ItemType>1</ItemType>
      <ItemName>ניילון נצמד 30 מטר זוג</ItemName>
      <ManufacturerName>UNION ROYALE NINGBO</ManufacturerName>
      <ManufactureCountry>CN</ManufactureCountry>
      <ManufacturerItemDescription>ניילון נצמד</ManufacturerItemDescription>
      <UnitQty>יחידה</UnitQty>
      <Quantity>1.00</Quantity>
      <bIsWeighted>0</bIsWeighted>
      <UnitOfMeasure>יחידה</UnitOfMeasure>
      <QtyInPackage>1</QtyInPackage>
      <ItemPrice>12.90</ItemPrice>
      <UnitOfMeasurePrice>12.90</UnitOfMeasurePrice>
      <AllowDiscount>1</AllowDiscount>
      <ItemStatus>1</ItemStatus>
    </Item>
    <Item>
      <PriceUpdateDate>2024-12-25 12:17</PriceUpdateDate>
      <ItemCode>7296073675242</ItemCode>
      <ItemType>1</ItemType>
      <ItemName>נר בניחוח עלי כותרת ורד</ItemName>
      <ManufacturerName>כללי</ManufacturerName>
      <ManufactureCountry>US</ManufactureCountry>
      <ManufacturerItemDescription>נר זכוכית גדול</ManufacturerItemDescription>
      <UnitQty>יחידה</UnitQty>
      <Quantity>1.00</Quantity>
      <bIsWeighted>0</bIsWeighted>
      <UnitOfMeasure>יחידה</UnitOfMeasure>
      <QtyInPackage>1</QtyInPackage>
      <ItemPrice>91.50</ItemPrice>
      <UnitOfMeasurePrice>91.50</UnitOfMeasurePrice>
      <AllowDiscount>1</AllowDiscount>
      <ItemStatus>1</ItemStatus>
    </Item>
    <Item>
      <PriceUpdateDate>2024-12-25 12:17</PriceUpdateDate>
      <ItemCode>7296073675280</ItemCode>
      <ItemType>1</ItemType>
      <ItemName>נר בניחוח עץ ליבנה וניל</ItemName>
      <ManufacturerName>כללי</ManufacturerName>
      <ManufactureCountry>US</ManufactureCountry>
      <ManufacturerItemDescription>נר בניחוח עץ ליב</ManufacturerItemDescription>
      <UnitQty>יחידה</UnitQty>
      <Quantity>1.00</Quantity>
      <bIsWeighted>0</bIsWeighted>
      <UnitOfMeasure>יחידה</UnitOfMeasure>
      <QtyInPackage>1</QtyInPackage>
      <ItemPrice>91.50</ItemPrice>
      <UnitOfMeasurePrice>91.50</UnitOfMeasurePrice>
      <AllowDiscount>1</AllowDiscount>
      <ItemStatus>1</ItemStatus>
    </Item>
    <Item>
      <PriceUpdateDate>2024-12-25 12:17</PriceUpdateDate>
      <ItemCode>7296073675303</ItemCode>
      <ItemType>1</ItemType>
      <ItemName>נר בניחוח אדמונית וורד ס</ItemName>
      <ManufacturerName>כללי</ManufacturerName>
      <ManufactureCountry>US</ManufactureCountry>
      <ManufacturerItemDescription>נר בניחוח אדמוני</ManufacturerItemDescription>
      <UnitQty>יחידה</UnitQty>
      <Quantity>1.00</Quantity>
      <bIsWeighted>0</bIsWeighted>
      <UnitOfMeasure>יחידה</UnitOfMeasure>
      <QtyInPackage>1</QtyInPackage>
      <ItemPrice>91.50</ItemPrice>
      <UnitOfMeasurePrice>91.50</UnitOfMeasurePrice>
      <AllowDiscount>1</AllowDiscount>
      <ItemStatus>1</ItemStatus>
    </Item>
    <Item>
      <PriceUpdateDate>2024-12-25 12:17</PriceUpdateDate>
      <ItemCode>7296073675358</ItemCode>
      <ItemType>1</ItemType>
      <ItemName>נר בניחוח יסמין נרולי</ItemName>
      <ManufacturerName>כללי</ManufacturerName>
      <ManufactureCountry>US</ManufactureCountry>
      <ManufacturerItemDescription>נר בניחוח יסמין</ManufacturerItemDescription>
      <UnitQty>יחידה</UnitQty>
      <Quantity>1.00</Quantity>
      <bIsWeighted>0</bIsWeighted>
      <UnitOfMeasure>יחידה</UnitOfMeasure>
      <QtyInPackage>1</QtyInPackage>
      <ItemPrice>80.90</ItemPrice>
      <UnitOfMeasurePrice>80.90</UnitOfMeasurePrice>
      <AllowDiscount>1</AllowDiscount>
      <ItemStatus>1</ItemStatus>
    </Item>
    <Item>
      <PriceUpdateDate>2024-12-25 12:17</PriceUpdateDate>
      <ItemCode>7296073675365</ItemCode>
      <ItemType>1</ItemType>
      <ItemName>נר לשידה בניחוח לבנדר</ItemName>
      <ManufacturerName>כללי</ManufacturerName>
      <ManufactureCountry>US</ManufactureCountry>
      <ManufacturerItemDescription>נר בניחוח נרולי</ManufacturerItemDescription>
      <UnitQty>יחידה</UnitQty>
      <Quantity>1.00</Quantity>
      <bIsWeighted>0</bIsWeighted>
      <UnitOfMeasure>יחידה</UnitOfMeasure>
      <QtyInPackage>1</QtyInPackage>
      <ItemPrice>101.00</ItemPrice>
      <UnitOfMeasurePrice>101.00</UnitOfMeasurePrice>
      <AllowDiscount>1</AllowDiscount>
      <ItemStatus>1</ItemStatus>
    </Item>
    <Item>
      <PriceUpdateDate>2024-12-25 06:50</PriceUpdateDate>
      <ItemCode>7296073675983</ItemCode>
      <ItemType>1</ItemType>
      <ItemName>חומץ מסיידר תפוחים500מ"ל</ItemName>
      <ManufacturerName>קומפניה</ManufacturerName>
      <ManufactureCountry>PT</ManufactureCountry>
      <ManufacturerItemDescription>חומץ מסיידר תפוח</ManufacturerItemDescription>
      <UnitQty>מיליליטרים</UnitQty>
      <Quantity>500.00</Quantity>
      <bIsWeighted>0</bIsWeighted>
      <UnitOfMeasure>100 מ"ל</UnitOfMeasure>
      <QtyInPackage>1</QtyInPackage>
      <ItemPrice>16.90</ItemPrice>
      <UnitOfMeasurePrice>3.38</UnitOfMeasurePrice>
      <AllowDiscount>1</AllowDiscount>
      <ItemStatus>1</ItemStatus>
    </Item>
    <Item>
      <PriceUpdateDate>2024-12-25 07:00</PriceUpdateDate>
      <ItemCode>7613036725286</ItemCode>
      <ItemType>1</ItemType>
      <ItemName>דנטלייף חתול סלמון 40 גר</ItemName>
      <ManufacturerName>נסטלה גרמניה ,AG</ManufacturerName>
      <ManufactureCountry>DE</ManufactureCountry>
      <ManufacturerItemDescription>דנטלייף לחתול</ManufacturerItemDescription>
      <UnitQty>גרמים</UnitQty>
      <Quantity>40.00</Quantity>
      <bIsWeighted>0</bIsWeighted>
      <UnitOfMeasure>100 גרם</UnitOfMeasure>
      <QtyInPackage>1</QtyInPackage>
      <ItemPrice>10.90</ItemPrice>
      <UnitOfMeasurePrice>27.25</UnitOfMeasurePrice>
      <AllowDiscount>1</AllowDiscount>
      <ItemStatus>0</ItemStatus>
    </Item>
    <Item>
      <PriceUpdateDate>2024-12-25 06:20</PriceUpdateDate>
      <ItemCode>7616500647268</ItemCode>
      <ItemType>1</ItemType>
      <ItemName>שוקולד מריר+אגוזים180גר</ItemName>
      <ManufacturerName>דליקה איי.ג'י</ManufacturerName>
      <ManufactureCountry>CH</ManufactureCountry>
      <ManufacturerItemDescription>שוקולד מריר</ManufacturerItemDescription>
      <UnitQty>גרמים</UnitQty>
      <Quantity>180.00</Quantity>
      <bIsWeighted>0</bIsWeighted>
      <UnitOfMeasure>100 גרם</UnitOfMeasure>
      <QtyInPackage>0</QtyInPackage>
      <ItemPrice>19.90</ItemPrice>
      <UnitOfMeasurePrice>11.06</UnitOfMeasurePrice>
      <AllowDiscount>1</AllowDiscount>
      <ItemStatus>0</ItemStatus>
    </Item>
    <Item>
      <PriceUpdateDate>2024-12-25 06:20</PriceUpdateDate>
      <ItemCode>76840100583</ItemCode>
      <ItemType>1</ItemType>
      <ItemName>גלידה בצק עוגיות</ItemName>
      <ManufacturerName>מוצרי איכות אמריקאיים בע</ManufacturerName>
      <ManufactureCountry>IL</ManufactureCountry>
      <ManufacturerItemDescription>גלידה בצק עוגיו</ManufacturerItemDescription>
      <UnitQty>מיליליטרים</UnitQty>
      <Quantity>473.00</Quantity>
      <bIsWeighted>0</bIsWeighted>
      <UnitOfMeasure>100 מ"ל</UnitOfMeasure>
      <QtyInPackage>0</QtyInPackage>
      <ItemPrice>25.90</ItemPrice>
      <UnitOfMeasurePrice>5.48</UnitOfMeasurePrice>
      <AllowDiscount>1</AllowDiscount>
      <ItemStatus>0</ItemStatus>
    </Item>
    <Item>
      <PriceUpdateDate>2024-12-25 06:10</PriceUpdateDate>
      <ItemCode>77245110610</ItemCode>
      <ItemType>1</ItemType>
      <ItemName>סוכריות מאסט מנטה 80 גרם</ItemName>
      <ManufacturerName>מיישקו</ManufacturerName>
      <ManufactureCountry>ES</ManufactureCountry>
      <ManufacturerItemDescription>סוכריות מאסט</ManufacturerItemDescription>
      <UnitQty>גרמים</UnitQty>
      <Quantity>80.00</Quantity>
      <bIsWeighted>0</bIsWeighted>
      <UnitOfMeasure>100 גרם</UnitOfMeasure>
      <QtyInPackage>0</QtyInPackage>
      <ItemPrice>9.90</ItemPrice>
      <UnitOfMeasurePrice>12.38</UnitOfMeasurePrice>
      <AllowDiscount>1</AllowDiscount>
      <ItemStatus>0</ItemStatus>
    </Item>
    <Item>
      <PriceUpdateDate>2024-12-25 06:50</PriceUpdateDate>
      <ItemCode>7891024027998</ItemCode>
      <ItemType>1</ItemType>
      <ItemName>מי פה קולגייט טוטל 500מ</ItemName>
      <ManufacturerName>קולגייט-פלמוליב</ManufacturerName>
      <ManufactureCountry>PL</ManufactureCountry>
      <ManufacturerItemDescription>מי פה קולגייט</ManufacturerItemDescription>
      <UnitQty>מיליליטרים</UnitQty>
      <Quantity>500.00</Quantity>
      <bIsWeighted>0</bIsWeighted>
      <UnitOfMeasure>100 מ"ל</UnitOfMeasure>
      <QtyInPackage>1</QtyInPackage>
      <ItemPrice>22.90</ItemPrice>
      <UnitOfMeasurePrice>4.58</UnitOfMeasurePrice>
      <AllowDiscount>1</AllowDiscount>
      <ItemStatus>1</ItemStatus>
    </Item>
    <Item>
      <PriceUpdateDate>2024-12-25 06:20</PriceUpdateDate>
      <ItemCode>7891024124826</ItemCode>
      <ItemType>1</ItemType>
      <ItemName>קולגייט אופטיק וייט 75מל</ItemName>
      <ManufacturerName>קולגייט-פלמוליב</ManufacturerName>
      <ManufactureCountry>BR</ManufactureCountry>
      <ManufacturerItemDescription>משחת קולגייט</ManufacturerItemDescription>
      <UnitQty>מיליליטרים</UnitQty>
      <Quantity>75.00</Quantity>
      <bIsWeighted>0</bIsWeighted>
      <UnitOfMeasure>100 מ"ל</UnitOfMeasure>
      <QtyInPackage>0</QtyInPackage>
      <ItemPrice>24.90</ItemPrice>
      <UnitOfMeasurePrice>33.20</UnitOfMeasurePrice>
      <AllowDiscount>1</AllowDiscount>
      <ItemStatus>0</ItemStatus>
    </Item>
    <Item>
      <PriceUpdateDate>2024-12-25 06:10</PriceUpdateDate>
      <ItemCode>8000500009673</ItemCode>
      <ItemType>1</ItemType>
      <ItemName>בונבוניירה רושה 300 גרם</ItemName>
      <ManufacturerName>פררו</ManufacturerName>
      <ManufactureCountry>IT</ManufactureCountry>
      <ManufacturerItemDescription>בונבוניירת רושה</ManufacturerItemDescription>
      <UnitQty>גרמים</UnitQty>
      <Quantity>300.00</Quantity>
      <bIsWeighted>0</bIsWeighted>
      <UnitOfMeasure>100 גרם</UnitOfMeasure>
      <QtyInPackage>0</QtyInPackage>
      <ItemPrice>46.90</ItemPrice>
      <UnitOfMeasurePrice>15.64</UnitOfMeasurePrice>
      <AllowDiscount>1</AllowDiscount>
      <ItemStatus>0</ItemStatus>
    </Item>
    <Item>
      <PriceUpdateDate>2024-12-25 06:30</PriceUpdateDate>
      <ItemCode>8000500172810</ItemCode>
      <ItemType>1</ItemType>
      <ItemName>סוכ.טיק טק תות מנטה16*4ג</ItemName>
      <ManufacturerName>פררו</ManufacturerName>
      <ManufactureCountry>ZA</ManufactureCountry>
      <ManufacturerItemDescription>טיק טק תות 4 יח</ManufacturerItemDescription>
      <UnitQty>גרמים</UnitQty>
      <Quantity>64.00</Quantity>
      <bIsWeighted>0</bIsWeighted>
      <UnitOfMeasure>100 גרם</UnitOfMeasure>
      <QtyInPackage>0</QtyInPackage>
      <ItemPrice>13.90</ItemPrice>
      <UnitOfMeasurePrice>21.72</UnitOfMeasurePrice>
      <AllowDiscount>1</AllowDiscount>
      <ItemStatus>0</ItemStatus>
    </Item>
    <Item>
      <PriceUpdateDate>2024-12-25 07:00</PriceUpdateDate>
      <ItemCode>8000500353738</ItemCode>
      <ItemType>1</ItemType>
      <ItemName>סוכ.טיק טק מנטה חזקה16*4</ItemName>
      <ManufacturerName>---</ManufacturerName>
      <ManufactureCountry>ZA</ManufactureCountry>
      <ManufacturerItemDescription>סוכריות טיק טק</ManufacturerItemDescription>
      <UnitQty>גרמים</UnitQty>
      <Quantity>64.00</Quantity>
      <bIsWeighted>0</bIsWeighted>
      <UnitOfMeasure>100 גרם</UnitOfMeasure>
      <QtyInPackage>1</QtyInPackage>
      <ItemPrice>13.90</ItemPrice>
      <UnitOfMeasurePrice>21.72</UnitOfMeasurePrice>
      <AllowDiscount>1</AllowDiscount>
      <ItemStatus>1</ItemStatus>
    </Item>
    <Item>
      <PriceUpdateDate>2024-12-25 06:50</PriceUpdateDate>
      <ItemCode>8003340099712</ItemCode>
      <ItemType>1</ItemType>
      <ItemName>שוקולד לינדור פיסטש100ג</ItemName>
      <ManufacturerName>לינדט ושפרונגלי אס.פי.אי</ManufacturerName>
      <ManufactureCountry>IT</ManufactureCountry>
      <ManufacturerItemDescription>שוקולד לינדור</ManufacturerItemDescription>
      <UnitQty>גרמים</UnitQty>
      <Quantity>100.00</Quantity>
      <bIsWeighted>0</bIsWeighted>
      <UnitOfMeasure>100 גרם</UnitOfMeasure>
      <QtyInPackage>1</QtyInPackage>
      <ItemPrice>21.90</ItemPrice>
      <UnitOfMeasurePrice>21.90</UnitOfMeasurePrice>
      <AllowDiscount>1</AllowDiscount>
      <ItemStatus>1</ItemStatus>
    </Item>
    <Item>
      <PriceUpdateDate>2024-12-25 06:40</PriceUpdateDate>
      <ItemCode>8004030102033</ItemCode>
      <ItemType>1</ItemType>
      <ItemName>טונה ריו שמן זית לימ80*3</ItemName>
      <ManufacturerName>---</ManufacturerName>
      <ManufactureCountry>IT</ManufactureCountry>
      <ManufacturerItemDescription>טונה ריו מרה 3יח</ManufacturerItemDescription>
      <UnitQty>גרמים</UnitQty>
      <Quantity>240.00</Quantity>
      <bIsWeighted>0</bIsWeighted>
      <UnitOfMeasure>100 גרם</UnitOfMeasure>
      <QtyInPackage>1</QtyInPackage>
      <ItemPrice>32.90</ItemPrice>
      <UnitOfMeasurePrice>13.71</UnitOfMeasurePrice>
      <AllowDiscount>1</AllowDiscount>
      <ItemStatus>0</ItemStatus>
    </Item>
    <Item>
      <PriceUpdateDate>2024-12-25 06:30</PriceUpdateDate>
      <ItemCode>80043638</ItemCode>
      <ItemType>1</ItemType>
      <ItemName>כורכום אורגני 47 גרם</ItemName>
      <ManufacturerName>קנהמלה</ManufacturerName>
      <ManufactureCountry>IT</ManufactureCountry>
      <ManufacturerItemDescription>כורכום אורגני</ManufacturerItemDescription>
      <UnitQty>גרמים</UnitQty>
      <Quantity>47.00</Quantity>
      <bIsWeighted>0</bIsWeighted>
      <UnitOfMeasure>100 גרם</UnitOfMeasure>
      <QtyInPackage>1</QtyInPackage>
      <ItemPrice>18.90</ItemPrice>
      <UnitOfMeasurePrice>40.21</UnitOfMeasurePrice>
      <AllowDiscount>1</AllowDiscount>
      <ItemStatus>1</ItemStatus>
    </Item>
    <Item>
      <PriceUpdateDate>2024-12-25 06:40</PriceUpdateDate>
      <ItemCode>8006540429327</ItemCode>
      <ItemType>1</ItemType>
      <ItemName>פיירי לימון מקס 440 מ"ל</ItemName>
      <ManufacturerName>---</ManufacturerName>
      <ManufactureCountry>CZ</ManufactureCountry>
      <ManufacturerItemDescription>פיירי לימון</ManufacturerItemDescription>
      <UnitQty>מיליליטרים</UnitQty>
      <Quantity>440.00</Quantity>
      <bIsWeighted>0</bIsWeighted>
      <UnitOfMeasure>100 מ"ל</UnitOfMeasure>
      <QtyInPackage>1</QtyInPackage>
      <ItemPrice>14.50</ItemPrice>
      <UnitOfMeasurePrice>3.30</UnitOfMeasurePrice>
      <AllowDiscount>1</AllowDiscount>
      <ItemStatus>1</ItemStatus>
    </Item>
    <Item>
      <PriceUpdateDate>2024-12-25 06:30</PriceUpdateDate>
      <ItemCode>8008343200486</ItemCode>
      <ItemType>1</ItemType>
      <ItemName>פסטה רומו פוזילי 500 גרם</ItemName>
      <ManufacturerName>רומו</ManufacturerName>
      <ManufactureCountry>IT</ManufactureCountry>
      <ManufacturerItemDescription>פסטה רומו</ManufacturerItemDescription>
      <UnitQty>גרמים</UnitQty>
      <Quantity>500.00</Quantity>
      <bIsWeighted>0</bIsWeighted>
      <UnitOfMeasure>100 גרם</UnitOfMeasure>
      <QtyInPackage>1</QtyInPackage>
      <ItemPrice>9.90</ItemPrice>
      <UnitOfMeasurePrice>1.98</UnitOfMeasurePrice>
      <AllowDiscount>1</AllowDiscount>
      <ItemStatus>1</ItemStatus>
    </Item>
    <Item>
      <PriceUpdateDate>2024-12-25 06:50</PriceUpdateDate>
      <ItemCode>8009867000828</ItemCode>
      <ItemType>1</ItemType>
      <ItemName>פילה אנשובי בשמן חמנ80ג</ItemName>
      <ManufacturerName>באליסטרי BALISTRERI</ManufacturerName>
      <ManufactureCountry>IT</ManufactureCountry>
      <ManufacturerItemDescription>פילה אנשובי בשמן חמנ80ג</ManufacturerItemDescription>
      <UnitQty>גרמים</UnitQty>
      <Quantity>80.00</Quantity>
      <bIsWeighted>0</bIsWeighted>
      <UnitOfMeasure>100 גרם</UnitOfMeasure>
      <QtyInPackage>1</QtyInPackage>
      <ItemPrice>26.90</ItemPrice>
      <UnitOfMeasurePrice>33.63</UnitOfMeasurePrice>
      <AllowDiscount>1</AllowDiscount>
      <ItemStatus>1</ItemStatus>
    </Item>
    <Item>
      <PriceUpdateDate>2024-12-25 06:30</PriceUpdateDate>
      <ItemCode>801541080434</ItemCode>
      <ItemType>1</ItemType>
      <ItemName>טולסי צ'אי מסאלה 25שק</ItemName>
      <ManufacturerName>אורגניק אינדיה</ManufacturerName>
      <ManufactureCountry>IN</ManufactureCountry>
      <ManufacturerItemDescription>חליטת טולסי</ManufacturerItemDescription>
      <UnitQty>גרמים</UnitQty>
      <Quantity>52.00</Quantity>
      <bIsWeighted>0</bIsWeighted>
      <UnitOfMeasure>100 גרם</UnitOfMeasure>
      <QtyInPackage>1</QtyInPackage>
      <ItemPrice>18.90</ItemPrice>
      <UnitOfMeasurePrice>36.35</UnitOfMeasurePrice>
      <AllowDiscount>1</AllowDiscount>
      <ItemStatus>1</ItemStatus>
    </Item>
    <Item>
      <PriceUpdateDate>2024-12-25 06:30</PriceUpdateDate>
      <ItemCode>801541512324</ItemCode>
      <ItemType>1</ItemType>
      <ItemName>טולסי כורכום ג'ינגר25שק</ItemName>
      <ManufacturerName>אורגניק אינדיה</ManufacturerName>
      <ManufactureCountry>IN</ManufactureCountry>
      <ManufacturerItemDescription>טולסי 25 שק.</ManufacturerItemDescription>
      <UnitQty>גרמים</UnitQty>
      <Quantity>47.00</Quantity>
      <bIsWeighted>0</bIsWeighted>
      <UnitOfMeasure>100 גרם</UnitOfMeasure>
      <QtyInPackage>1</QtyInPackage>
      <ItemPrice>18.90</ItemPrice>
      <UnitOfMeasurePrice>40.21</UnitOfMeasurePrice>
      <AllowDiscount>1</AllowDiscount>
      <ItemStatus>1</ItemStatus>
    </Item>
    <Item>
      <PriceUpdateDate>2024-12-25 06:40</PriceUpdateDate>
      <ItemCode>8022836001237</ItemCode>
      <ItemType>1</ItemType>
      <ItemName>יין אדום יבש אורגני750מל</ItemName>
      <ManufacturerName>לה קנטינה פיצ'ולטו</ManufacturerName>
      <ManufactureCountry>IT</ManufactureCountry>
      <ManufacturerItemDescription>יין אדום יבש</ManufacturerItemDescription>
      <UnitQty>מיליליטרים</UnitQty>
      <Quantity>750.00</Quantity>
      <bIsWeighted>0</bIsWeighted>
      <UnitOfMeasure>100 מ"ל</UnitOfMeasure>
      <QtyInPackage>1</QtyInPackage>
      <ItemPrice>73.20</ItemPrice>
      <UnitOfMeasurePrice>9.76</UnitOfMeasurePrice>
      <AllowDiscount>1</AllowDiscount>
      <ItemStatus>1</ItemStatus>
    </Item>
    <Item>
      <PriceUpdateDate>2024-12-25 06:30</PriceUpdateDate>
      <ItemCode>8024985003988</ItemCode>
      <ItemType>1</ItemType>
      <ItemName>סמוזי תפוח בננה אורג100ג</ItemName>
      <ManufacturerName>נטורה נובה</ManufacturerName>
      <ManufactureCountry>IT</ManufactureCountry>
      <ManufacturerItemDescription>סמוזי תפוח בננה</ManufacturerItemDescription>
      <UnitQty>גרמים</UnitQty>
      <Quantity>100.00</Quantity>
      <bIsWeighted>0</bIsWeighted>
      <UnitOfMeasure>100 גרם</UnitOfMeasure>
      <QtyInPackage>1</QtyInPackage>
      <ItemPrice>7.50</ItemPrice>
      <UnitOfMeasurePrice>7.50</UnitOfMeasurePrice>
      <AllowDiscount>1</AllowDiscount>
      <ItemStatus>1</ItemStatus>
    </Item>
    <Item>
      <PriceUpdateDate>2024-12-25 07:00</PriceUpdateDate>
      <ItemCode>8024985011990</ItemCode>
      <ItemType>1</ItemType>
      <ItemName>סמוצ'י קיווי תפוח 100 גר</ItemName>
      <ManufacturerName>נטורה נובה</ManufacturerName>
      <ManufactureCountry>IT</ManufactureCountry>
      <ManufacturerItemDescription>סמוצי קיווי תפוח 100 גר</ManufacturerItemDescription>
      <UnitQty>גרמים</UnitQty>
      <Quantity>100.00</Quantity>
      <bIsWeighted>0</bIsWeighted>
      <UnitOfMeasure>100 גרם</UnitOfMeasure>
      <QtyInPackage>1</QtyInPackage>
      <ItemPrice>7.50</ItemPrice>
      <UnitOfMeasurePrice>7.50</UnitOfMeasurePrice>
      <AllowDiscount>1</AllowDiscount>
      <ItemStatus>0</ItemStatus>
    </Item>
    <Item>
      <PriceUpdateDate>2024-12-25 06:10</PriceUpdateDate>
      <ItemCode>80273660</ItemCode>
      <ItemType>1</ItemType>
      <ItemName>שום במטחנה 50 גרם</ItemName>
      <ManufacturerName>דרוגיה ואלימנטרי אס.אר.א</ManufacturerName>
      <ManufactureCountry>IT</ManufactureCountry>
      <ManufacturerItemDescription>שום במטחנה 50 גרם</ManufacturerItemDescription>
      <UnitQty>גרמים</UnitQty>
      <Quantity>50.00</Quantity>
      <bIsWeighted>0</bIsWeighted>
      <UnitOfMeasure>100 גרם</UnitOfMeasure>
      <QtyInPackage>0</QtyInPackage>
      <ItemPrice>14.90</ItemPrice>
      <UnitOfMeasurePrice>29.80</UnitOfMeasurePrice>
      <AllowDiscount>1</AllowDiscount>
      <ItemStatus>1</ItemStatus>
    </Item>
    <Item>
      <PriceUpdateDate>2024-12-25 06:40</PriceUpdateDate>
      <ItemCode>80541776</ItemCode>
      <ItemType>1</ItemType>
      <ItemName>אורגנו אורגני 14 גרם</ItemName>
      <ManufacturerName>קנהמלה</ManufacturerName>
      <ManufactureCountry>IT</ManufactureCountry>
      <ManufacturerItemDescription>אורגנו אורגני</ManufacturerItemDescription>
      <UnitQty>גרמים</UnitQty>
      <Quantity>14.00</Quantity>
      <bIsWeighted>0</bIsWeighted>
      <UnitOfMeasure>100 גרם</UnitOfMeasure>
      <QtyInPackage>1</QtyInPackage>
      <ItemPrice>18.90</ItemPrice>
      <UnitOfMeasurePrice>135.00</UnitOfMeasurePrice>
      <AllowDiscount>1</AllowDiscount>
      <ItemStatus>1</ItemStatus>
    </Item>
    <Item>
      <PriceUpdateDate>2024-12-25 07:00</PriceUpdateDate>
      <ItemCode>80935148</ItemCode>
      <ItemType>1</ItemType>
      <ItemName>סוכ.טיק טק מנגו 16 גרם</ItemName>
      <ManufacturerName>פררו</ManufacturerName>
      <ManufactureCountry>ZA</ManufactureCountry>
      <ManufacturerItemDescription>סוכ.טיק טק מנגו</ManufacturerItemDescription>
      <UnitQty>גרמים</UnitQty>
      <Quantity>16.00</Quantity>
      <bIsWeighted>0</bIsWeighted>
      <UnitOfMeasure>100 גרם</UnitOfMeasure>
      <QtyInPackage>1</QtyInPackage>
      <ItemPrice>5.20</ItemPrice>
      <UnitOfMeasurePrice>32.50</UnitOfMeasurePrice>
      <AllowDiscount>1</AllowDiscount>
      <ItemStatus>0</ItemStatus>
    </Item>
    <Item>
      <PriceUpdateDate>2024-12-25 06:40</PriceUpdateDate>
      <ItemCode>813724023756</ItemCode>
      <ItemType>1</ItemType>
      <ItemName>וויטקינס וניל אפיה 59 מל</ItemName>
      <ManufacturerName>ג'י אר ווטקינס</ManufacturerName>
      <ManufactureCountry>US</ManufactureCountry>
      <ManufacturerItemDescription>וניל אפיה</ManufacturerItemDescription>
      <UnitQty>מיליליטרים</UnitQty>
      <Quantity>59.00</Quantity>
      <bIsWeighted>0</bIsWeighted>
      <UnitOfMeasure>100 מ"ל</UnitOfMeasure>
      <QtyInPackage>1</QtyInPackage>
      <ItemPrice>33.90</ItemPrice>
      <UnitOfMeasurePrice>57.46</UnitOfMeasurePrice>
      <AllowDiscount>1</AllowDiscount>
      <ItemStatus>1</ItemStatus>
    </Item>
    <Item>
      <PriceUpdateDate>2024-12-25 07:00</PriceUpdateDate>
      <ItemCode>835811002277</ItemCode>
      <ItemType>1</ItemType>
      <ItemName>שיפודי במבוק עבים 35ס"מ</ItemName>
      <ManufacturerName>---</ManufacturerName>
      <ManufactureCountry>CN</ManufactureCountry>
      <ManufacturerItemDescription>שיפודי במבוק עבים 35ס"מ</ManufacturerItemDescription>
      <UnitQty>יחידה</UnitQty>
      <Quantity>1.00</Quantity>
      <bIsWeighted>0</bIsWeighted>
      <UnitOfMeasure>יחידה</UnitOfMeasure>
      <QtyInPackage>1</QtyInPackage>
      <ItemPrice>9.50</ItemPrice>
      <UnitOfMeasurePrice>9.50</UnitOfMeasurePrice>
      <AllowDiscount>1</AllowDiscount>
      <ItemStatus>1</ItemStatus>
    </Item>
    <Item>
      <PriceUpdateDate>2024-12-25 14:45</PriceUpdateDate>
      <ItemCode>835811005971</ItemCode>
      <ItemType>1</ItemType>
      <ItemName>מפת שולחן אל בד עם רנר 2</ItemName>
      <ManufacturerName>אנג</ManufacturerName>
      <ManufactureCountry>IL</ManufactureCountry>
      <ManufacturerItemDescription>מפת שולחן עם רנר</ManufacturerItemDescription>
      <UnitQty>יחידה</UnitQty>
      <Quantity>1.00</Quantity>
      <bIsWeighted>0</bIsWeighted>
      <UnitOfMeasure>יחידה</UnitOfMeasure>
      <QtyInPackage>0</QtyInPackage>
      <ItemPrice>10.00</ItemPrice>
      <UnitOfMeasurePrice>10.00</UnitOfMeasurePrice>
      <AllowDiscount>1</AllowDiscount>
      <ItemStatus>1</ItemStatus>
    </Item>
    <Item>
      <PriceUpdateDate>2024-12-25 06:20</PriceUpdateDate>
      <ItemCode>8410179100944</ItemCode>
      <ItemType>1</ItemType>
      <ItemName>שמן זית אוחיבלנקה 750מ"ל</ItemName>
      <ManufacturerName>FOO BRANDED BORGES</ManufacturerName>
      <ManufactureCountry>ES</ManufactureCountry>
      <ManufacturerItemDescription>שמן זית</ManufacturerItemDescription>
      <UnitQty>מיליליטרים</UnitQty>
      <Quantity>750.00</Quantity>
      <bIsWeighted>0</bIsWeighted>
      <UnitOfMeasure>100 מ"ל</UnitOfMeasure>
      <QtyInPackage>0</QtyInPackage>
      <ItemPrice>47.90</ItemPrice>
      <UnitOfMeasurePrice>6.39</UnitOfMeasurePrice>
      <AllowDiscount>1</AllowDiscount>
      <ItemStatus>0</ItemStatus>
    </Item>
    <Item>
      <PriceUpdateDate>2024-12-25 06:30</PriceUpdateDate>
      <ItemCode>8425206000081</ItemCode>
      <ItemType>1</ItemType>
      <ItemName>ריבת חלב</ItemName>
      <ManufacturerName />
      <ManufactureCountry>ES</ManufactureCountry>
      <ManufacturerItemDescription>ריבת חלב</ManufacturerItemDescription>
      <UnitQty>גרמים</UnitQty>
      <Quantity>450.00</Quantity>
      <bIsWeighted>0</bIsWeighted>
      <UnitOfMeasure>100 גרם</UnitOfMeasure>
      <QtyInPackage>0</QtyInPackage>
      <ItemPrice>18.90</ItemPrice>
      <UnitOfMeasurePrice>4.20</UnitOfMeasurePrice>
      <AllowDiscount>1</AllowDiscount>
      <ItemStatus>0</ItemStatus>
    </Item>
    <Item>
      <PriceUpdateDate>2024-12-25 06:10</PriceUpdateDate>
      <ItemCode>856591000062</ItemCode>
      <ItemType>1</ItemType>
      <ItemName>עוגיות מזרחיות מלח400גרם</ItemName>
      <ManufacturerName>מאפיית יוסף ושמחה עבאדי</ManufacturerName>
      <ManufactureCountry>IL</ManufactureCountry>
      <ManufacturerItemDescription>עוגיות מזרחיות</ManufacturerItemDescription>
      <UnitQty>גרמים</UnitQty>
      <Quantity>400.00</Quantity>
      <bIsWeighted>0</bIsWeighted>
      <UnitOfMeasure>100 גרם</UnitOfMeasure>
      <QtyInPackage>0</QtyInPackage>
      <ItemPrice>20.90</ItemPrice>
      <UnitOfMeasurePrice>5.23</UnitOfMeasurePrice>
      <AllowDiscount>1</AllowDiscount>
      <ItemStatus>0</ItemStatus>
    </Item>
    <Item>
      <PriceUpdateDate>2024-12-25 12:17</PriceUpdateDate>
      <ItemCode>85805390600</ItemCode>
      <ItemType>1</ItemType>
      <ItemName>פיפט אווניו אדפ אשה125מל</ItemName>
      <ManufacturerName>ARDEN ELIZABETH</ManufacturerName>
      <ManufactureCountry>US</ManufactureCountry>
      <ManufacturerItemDescription>פיפט אווניו אדפ</ManufacturerItemDescription>
      <UnitQty>מיליליטרים</UnitQty>
      <Quantity>125.00</Quantity>
      <bIsWeighted>0</bIsWeighted>
      <UnitOfMeasure>100 מ"ל</UnitOfMeasure>
      <QtyInPackage>0</QtyInPackage>
      <ItemPrice>203.00</ItemPrice>
      <UnitOfMeasurePrice>162.40</UnitOfMeasurePrice>
      <AllowDiscount>1</AllowDiscount>
      <ItemStatus>1</ItemStatus>
    </Item>
    <Item>
      <PriceUpdateDate>2024-12-25 12:17</PriceUpdateDate>
      <ItemCode>85805558420</ItemCode>
      <ItemType>1</ItemType>
      <ItemName>DOOR RED א.ד.ט לאשה</ItemName>
      <ManufacturerName>ARDEN ELIZABETH</ManufacturerName>
      <ManufactureCountry>US</ManufactureCountry>
      <ManufacturerItemDescription>רד דור אדט</ManufacturerItemDescription>
      <UnitQty>מיליליטרים</UnitQty>
      <Quantity>100.00</Quantity>
      <bIsWeighted>0</bIsWeighted>
      <UnitOfMeasure>100 מ"ל</UnitOfMeasure>
      <QtyInPackage>0</QtyInPackage>
      <ItemPrice>255.00</ItemPrice>
      <UnitOfMeasurePrice>255.00</UnitOfMeasurePrice>
      <AllowDiscount>1</AllowDiscount>
      <ItemStatus>1</ItemStatus>
    </Item>
    <Item>
      <PriceUpdateDate>2024-12-25 06:30</PriceUpdateDate>
      <ItemCode>8690637704277</ItemCode>
      <ItemType>1</ItemType>
      <ItemName>דאב שמפו  יומי 2ב1- 600מ</ItemName>
      <ManufacturerName>יוניליוור טורקיה. אזור ת</ManufacturerName>
      <ManufactureCountry>TR</ManufactureCountry>
      <ManufacturerItemDescription>שמפו דאב</ManufacturerItemDescription>
      <UnitQty>מיליליטרים</UnitQty>
      <Quantity>600.00</Quantity>
      <bIsWeighted>0</bIsWeighted>
      <UnitOfMeasure>100 מ"ל</UnitOfMeasure>
      <QtyInPackage>0</QtyInPackage>
      <ItemPrice>22.50</ItemPrice>
      <UnitOfMeasurePrice>3.75</UnitOfMeasurePrice>
      <AllowDiscount>1</AllowDiscount>
      <ItemStatus>0</ItemStatus>
    </Item>
    <Item>
      <PriceUpdateDate>2024-12-25 06:50</PriceUpdateDate>
      <ItemCode>8700216102292</ItemCode>
      <ItemType>1</ItemType>
      <ItemName>אריאל ג'ל קולור 1.95ליטר</ItemName>
      <ManufacturerName>---</ManufacturerName>
      <ManufactureCountry>IT</ManufactureCountry>
      <ManufacturerItemDescription>אריאל ג'ל כביסה</ManufacturerItemDescription>
      <UnitQty>ליטרים</UnitQty>
      <Quantity>1.95</Quantity>
      <bIsWeighted>0</bIsWeighted>
      <UnitOfMeasure>ליטר</UnitOfMeasure>
      <QtyInPackage>1</QtyInPackage>
      <ItemPrice>43.90</ItemPrice>
      <UnitOfMeasurePrice>22.51</UnitOfMeasurePrice>
      <AllowDiscount>1</AllowDiscount>
      <ItemStatus>1</ItemStatus>
    </Item>
    <Item>
      <PriceUpdateDate>2024-12-25 06:50</PriceUpdateDate>
      <ItemCode>8700216134620</ItemCode>
      <ItemType>1</ItemType>
      <ItemName>אריאל קפס לשמירת בד41יח</ItemName>
      <ManufacturerName>---</ManufacturerName>
      <ManufactureCountry>FR</ManufactureCountry>
      <ManufacturerItemDescription>אריאל קפסולות</ManufacturerItemDescription>
      <UnitQty>יחידה</UnitQty>
      <Quantity>1.00</Quantity>
      <bIsWeighted>0</bIsWeighted>
      <UnitOfMeasure>יחידה</UnitOfMeasure>
      <QtyInPackage>1</QtyInPackage>
      <ItemPrice>59.90</ItemPrice>
      <UnitOfMeasurePrice>59.90</UnitOfMeasurePrice>
      <AllowDiscount>1</AllowDiscount>
      <ItemStatus>1</ItemStatus>
    </Item>
    <Item>
      <PriceUpdateDate>2024-12-25 06:50</PriceUpdateDate>
      <ItemCode>8700216527842</ItemCode>
      <ItemType>1</ItemType>
      <ItemName>פנטן שמפו משקם 600 מ"ל</ItemName>
      <ManufacturerName>---</ManufacturerName>
      <ManufactureCountry>RO</ManufactureCountry>
      <ManufacturerItemDescription>פנטן שמפו משקם 600 מ"ל</ManufacturerItemDescription>
      <UnitQty>מיליליטרים</UnitQty>
      <Quantity>600.00</Quantity>
      <bIsWeighted>0</bIsWeighted>
      <UnitOfMeasure>100 מ"ל</UnitOfMeasure>
      <QtyInPackage>1</QtyInPackage>
      <ItemPrice>22.50</ItemPrice>
      <UnitOfMeasurePrice>3.75</UnitOfMeasurePrice>
      <AllowDiscount>1</AllowDiscount>
      <ItemStatus>1</ItemStatus>
    </Item>
    <Item>
      <PriceUpdateDate>2024-12-25 07:00</PriceUpdateDate>
      <ItemCode>8711000488195</ItemCode>
      <ItemType>1</ItemType>
      <ItemName>לור קפסולות אספרסו בטעם</ItemName>
      <ManufacturerName>JDE</ManufacturerName>
      <ManufactureCountry>FR</ManufactureCountry>
      <ManufacturerItemDescription>לור קפסולות אספר</ManufacturerItemDescription>
      <UnitQty>גרמים</UnitQty>
      <Quantity>52.00</Quantity>
      <bIsWeighted>0</bIsWeighted>
      <UnitOfMeasure>100 גרם</UnitOfMeasure>
      <QtyInPackage>1</QtyInPackage>
      <ItemPrice>20.90</ItemPrice>
      <UnitOfMeasurePrice>40.19</UnitOfMeasurePrice>
      <AllowDiscount>1</AllowDiscount>
      <ItemStatus>1</ItemStatus>
    </Item>
    <Item>
      <PriceUpdateDate>2024-12-25 06:20</PriceUpdateDate>
      <ItemCode>8712400802499</ItemCode>
      <ItemType>1</ItemType>
      <ItemName>נוטרילון שלב1- 800 גרם</ItemName>
      <ManufacturerName>נוטרישיה קאלק</ManufacturerName>
      <ManufactureCountry>NL</ManufactureCountry>
      <ManufacturerItemDescription>נוטרילון שלה1-</ManufacturerItemDescription>
      <UnitQty>גרמים</UnitQty>
      <Quantity>800.00</Quantity>
      <bIsWeighted>0</bIsWeighted>
      <UnitOfMeasure>100 גרם</UnitOfMeasure>
      <QtyInPackage>0</QtyInPackage>
      <ItemPrice>74.90</ItemPrice>
      <UnitOfMeasurePrice>9.36</UnitOfMeasurePrice>
      <AllowDiscount>1</AllowDiscount>
      <ItemStatus>1</ItemStatus>
    </Item>
    <Item>
      <PriceUpdateDate>2024-12-25 06:20</PriceUpdateDate>
      <ItemCode>8714789402970</ItemCode>
      <ItemType>1</ItemType>
      <ItemName>אג'קס חגיגת פרח.ירוק 1.5</ItemName>
      <ManufacturerName>קולגייט-פלמוליב</ManufacturerName>
      <ManufactureCountry>GR</ManufactureCountry>
      <ManufacturerItemDescription>אג'קס לניקוי</ManufacturerItemDescription>
      <UnitQty>ליטרים</UnitQty>
      <Quantity>1.50</Quantity>
      <bIsWeighted>0</bIsWeighted>
      <UnitOfMeasure>ליטר</UnitOfMeasure>
      <QtyInPackage>0</QtyInPackage>
      <ItemPrice>25.90</ItemPrice>
      <UnitOfMeasurePrice>17.27</UnitOfMeasurePrice>
      <AllowDiscount>1</AllowDiscount>
      <ItemStatus>1</ItemStatus>
    </Item>
    <Item>
      <PriceUpdateDate>2024-12-25 07:00</PriceUpdateDate>
      <ItemCode>8714800014182</ItemCode>
      <ItemType>1</ItemType>
      <ItemName>בירה 8.6 רד בפחית 7.9%</ItemName>
      <ManufacturerName>בוואריה</ManufacturerName>
      <ManufactureCountry>NL</ManufactureCountry>
      <ManufacturerItemDescription>בירה 8.6 רד בפחית 7.9%</ManufacturerItemDescription>
      <UnitQty>מיליליטרים</UnitQty>
      <Quantity>500.00</Quantity>
      <bIsWeighted>0</bIsWeighted>
      <UnitOfMeasure>100 מ"ל</UnitOfMeasure>
      <QtyInPackage>1</QtyInPackage>
      <ItemPrice>9.90</ItemPrice>
      <UnitOfMeasurePrice>1.98</UnitOfMeasurePrice>
      <AllowDiscount>1</AllowDiscount>
      <ItemStatus>0</ItemStatus>
    </Item>
    <Item>
      <PriceUpdateDate>2024-12-25 06:30</PriceUpdateDate>
      <ItemCode>8715700110158</ItemCode>
      <ItemType>1</ItemType>
      <ItemName>ממרח במרקם קרמי 490 גרם</ItemName>
      <ManufacturerName>ה.י.היינץ הולדינג בי.וי</ManufacturerName>
      <ManufactureCountry>NL</ManufactureCountry>
      <ManufacturerItemDescription>ממרח במרקם קרמי 490 גרם</ManufacturerItemDescription>
      <UnitQty>גרמים</UnitQty>
      <Quantity>490.00</Quantity>
      <bIsWeighted>0</bIsWeighted>
      <UnitOfMeasure>100 גרם</UnitOfMeasure>
      <QtyInPackage>1</QtyInPackage>
      <ItemPrice>10.90</ItemPrice>
      <UnitOfMeasurePrice>2.23</UnitOfMeasurePrice>
      <AllowDiscount>1</AllowDiscount>
      <ItemStatus>0</ItemStatus>
    </Item>
    <Item>
      <PriceUpdateDate>2024-12-25 06:40</PriceUpdateDate>
      <ItemCode>8717163647226</ItemCode>
      <ItemType>1</ItemType>
      <ItemName>דאו ספריי גוף בלאק 150 מ</ItemName>
      <ManufacturerName>יוניליוור אנגליה</ManufacturerName>
      <ManufactureCountry>GB</ManufactureCountry>
      <ManufacturerItemDescription>אקס ספריי</ManufacturerItemDescription>
      <UnitQty>מיליליטרים</UnitQty>
      <Quantity>150.00</Quantity>
      <bIsWeighted>0</bIsWeighted>
      <UnitOfMeasure>100 מ"ל</UnitOfMeasure>
      <QtyInPackage>1</QtyInPackage>
      <ItemPrice>19.70</ItemPrice>
      <UnitOfMeasurePrice>13.13</UnitOfMeasurePrice>
      <AllowDiscount>1</AllowDiscount>
      <ItemStatus>1</ItemStatus>
    </Item>
    <Item>
      <PriceUpdateDate>2024-12-25 06:40</PriceUpdateDate>
      <ItemCode>8717163647233</ItemCode>
      <ItemType>1</ItemType>
      <ItemName>דאו ספריי בלאק נייט 150מ</ItemName>
      <ManufacturerName>יוניליוור אנגליה</ManufacturerName>
      <ManufactureCountry>TR</ManufactureCountry>
      <ManufacturerItemDescription>אקס ספריי</ManufacturerItemDescription>
      <UnitQty>מיליליטרים</UnitQty>
      <Quantity>150.00</Quantity>
      <bIsWeighted>0</bIsWeighted>
      <UnitOfMeasure>100 מ"ל</UnitOfMeasure>
      <QtyInPackage>1</QtyInPackage>
      <ItemPrice>19.70</ItemPrice>
      <UnitOfMeasurePrice>13.13</UnitOfMeasurePrice>
      <AllowDiscount>1</AllowDiscount>
      <ItemStatus>1</ItemStatus>
    </Item>
    <Item>
      <PriceUpdateDate>2024-12-25 07:00</PriceUpdateDate>
      <ItemCode>8718951483934</ItemCode>
      <ItemType>1</ItemType>
      <ItemName>משחת ש.טוטאל קלין 100מ</ItemName>
      <ManufacturerName>---</ManufacturerName>
      <ManufactureCountry>PL</ManufactureCountry>
      <ManufacturerItemDescription>משחת ש.טוטאל קלין 100מ</ManufacturerItemDescription>
      <UnitQty>מיליליטרים</UnitQty>
      <Quantity>100.00</Quantity>
      <bIsWeighted>0</bIsWeighted>
      <UnitOfMeasure>100 מ"ל</UnitOfMeasure>
      <QtyInPackage>1</QtyInPackage>
      <ItemPrice>22.90</ItemPrice>
      <UnitOfMeasurePrice>22.90</UnitOfMeasurePrice>
      <AllowDiscount>1</AllowDiscount>
      <ItemStatus>0</ItemStatus>
    </Item>
    <Item>
      <PriceUpdateDate>2024-12-25 07:00</PriceUpdateDate>
      <ItemCode>8720181045639</ItemCode>
      <ItemType>1</ItemType>
      <ItemName>דאו ספריי טלק סופט 150מ</ItemName>
      <ManufacturerName>יוניליוור  אנגליה</ManufacturerName>
      <ManufactureCountry>GB</ManufactureCountry>
      <ManufacturerItemDescription>דאו ספריי דאב</ManufacturerItemDescription>
      <UnitQty>מיליליטרים</UnitQty>
      <Quantity>150.00</Quantity>
      <bIsWeighted>0</bIsWeighted>
      <UnitOfMeasure>100 מ"ל</UnitOfMeasure>
      <QtyInPackage>1</QtyInPackage>
      <ItemPrice>18.30</ItemPrice>
      <UnitOfMeasurePrice>12.20</UnitOfMeasurePrice>
      <AllowDiscount>1</AllowDiscount>
      <ItemStatus>1</ItemStatus>
    </Item>
    <Item>
      <PriceUpdateDate>2024-12-25 07:00</PriceUpdateDate>
      <ItemCode>8720181222399</ItemCode>
      <ItemType>1</ItemType>
      <ItemName>תחליב רחצה מאצ'ה 750 מל</ItemName>
      <ManufacturerName>יוניליוור גרמניה GMBH &amp;</ManufacturerName>
      <ManufactureCountry>DE</ManufactureCountry>
      <ManufacturerItemDescription>תחליב רחצה מאצ'ה</ManufacturerItemDescription>
      <UnitQty>מיליליטרים</UnitQty>
      <Quantity>750.00</Quantity>
      <bIsWeighted>0</bIsWeighted>
      <UnitOfMeasure>100 מ"ל</UnitOfMeasure>
      <QtyInPackage>1</QtyInPackage>
      <ItemPrice>26.90</ItemPrice>
      <UnitOfMeasurePrice>3.59</UnitOfMeasurePrice>
      <AllowDiscount>1</AllowDiscount>
      <ItemStatus>0</ItemStatus>
    </Item>
    <Item>
      <PriceUpdateDate>2024-12-25 06:50</PriceUpdateDate>
      <ItemCode>8720181483219</ItemCode>
      <ItemType>1</ItemType>
      <ItemName>דאו ספריי בלו לבנדר150</ItemName>
      <ManufacturerName>יוניליוור  אנגליה</ManufacturerName>
      <ManufactureCountry>GB</ManufactureCountry>
      <ManufacturerItemDescription>דאו ספרי בלו לבנ</ManufacturerItemDescription>
      <UnitQty>מיליליטרים</UnitQty>
      <Quantity>150.00</Quantity>
      <bIsWeighted>0</bIsWeighted>
      <UnitOfMeasure>100 מ"ל</UnitOfMeasure>
      <QtyInPackage>1</QtyInPackage>
      <ItemPrice>21.90</ItemPrice>
      <UnitOfMeasurePrice>14.60</UnitOfMeasurePrice>
      <AllowDiscount>1</AllowDiscount>
      <ItemStatus>1</ItemStatus>
    </Item>
    <Item>
      <PriceUpdateDate>2024-12-25 06:50</PriceUpdateDate>
      <ItemCode>8720181483226</ItemCode>
      <ItemType>1</ItemType>
      <ItemName>דאו ספריי קופר סנטל 150</ItemName>
      <ManufacturerName>יוניליוור  אנגליה</ManufacturerName>
      <ManufactureCountry>GB</ManufactureCountry>
      <ManufacturerItemDescription>דאו ספריי גרין ג</ManufacturerItemDescription>
      <UnitQty>מיליליטרים</UnitQty>
      <Quantity>150.00</Quantity>
      <bIsWeighted>0</bIsWeighted>
      <UnitOfMeasure>100 מ"ל</UnitOfMeasure>
      <QtyInPackage>1</QtyInPackage>
      <ItemPrice>21.90</ItemPrice>
      <UnitOfMeasurePrice>14.60</UnitOfMeasurePrice>
      <AllowDiscount>1</AllowDiscount>
      <ItemStatus>1</ItemStatus>
    </Item>
    <Item>
      <PriceUpdateDate>2024-12-25 12:17</PriceUpdateDate>
      <ItemCode>88300104437</ItemCode>
      <ItemType>1</ItemType>
      <ItemName>be ck אדט לגבר 200  מ"ל</ItemName>
      <ManufacturerName>כללי</ManufacturerName>
      <ManufactureCountry>US</ManufactureCountry>
      <ManufacturerItemDescription>be ck אדט</ManufacturerItemDescription>
      <UnitQty>מיליליטרים</UnitQty>
      <Quantity>200.00</Quantity>
      <bIsWeighted>0</bIsWeighted>
      <UnitOfMeasure>100 מ"ל</UnitOfMeasure>
      <QtyInPackage>1</QtyInPackage>
      <ItemPrice>269.00</ItemPrice>
      <UnitOfMeasurePrice>134.50</UnitOfMeasurePrice>
      <AllowDiscount>1</AllowDiscount>
      <ItemStatus>1</ItemStatus>
    </Item>
    <Item>
      <PriceUpdateDate>2024-12-25 12:17</PriceUpdateDate>
      <ItemCode>88300178278</ItemCode>
      <ItemType>1</ItemType>
      <ItemName>אופוריה אדט לגבר 100מל</ItemName>
      <ManufacturerName>קוטי HFC</ManufacturerName>
      <ManufactureCountry>ES</ManufactureCountry>
      <ManufacturerItemDescription>אופוריה סי קיי</ManufacturerItemDescription>
      <UnitQty>מיליליטרים</UnitQty>
      <Quantity>100.00</Quantity>
      <bIsWeighted>0</bIsWeighted>
      <UnitOfMeasure>100 מ"ל</UnitOfMeasure>
      <QtyInPackage>0</QtyInPackage>
      <ItemPrice>265.00</ItemPrice>
      <UnitOfMeasurePrice>265.00</UnitOfMeasurePrice>
      <AllowDiscount>1</AllowDiscount>
      <ItemStatus>1</ItemStatus>
    </Item>
    <Item>
      <PriceUpdateDate>2024-12-25 06:20</PriceUpdateDate>
      <ItemCode>8850632604372</ItemCode>
      <ItemType>1</ItemType>
      <ItemName>יוגטה חמוץ שטיח תות 50גר</ItemName>
      <ManufacturerName>סאאדת</ManufacturerName>
      <ManufactureCountry>TH</ManufactureCountry>
      <ManufacturerItemDescription>יוגטה ממתק חמוץ</ManufacturerItemDescription>
      <UnitQty>גרמים</UnitQty>
      <Quantity>50.00</Quantity>
      <bIsWeighted>0</bIsWeighted>
      <UnitOfMeasure>100 גרם</UnitOfMeasure>
      <QtyInPackage>0</QtyInPackage>
      <ItemPrice>6.90</ItemPrice>
      <UnitOfMeasurePrice>13.80</UnitOfMeasurePrice>
      <AllowDiscount>1</AllowDiscount>
      <ItemStatus>0</ItemStatus>
    </Item>
    <Item>
      <PriceUpdateDate>2024-12-25 06:50</PriceUpdateDate>
      <ItemCode>8856429000266</ItemCode>
      <ItemType>1</ItemType>
      <ItemName>אטריות אורז דקות 200 גרם</ItemName>
      <ManufacturerName>ליאונג טונג רייס וורמישל</ManufacturerName>
      <ManufactureCountry>TH</ManufactureCountry>
      <ManufacturerItemDescription>אטריות אורז דקות</ManufacturerItemDescription>
      <UnitQty>גרמים</UnitQty>
      <Quantity>200.00</Quantity>
      <bIsWeighted>0</bIsWeighted>
      <UnitOfMeasure>100 גרם</UnitOfMeasure>
      <QtyInPackage>1</QtyInPackage>
      <ItemPrice>9.00</ItemPrice>
      <UnitOfMeasurePrice>4.50</UnitOfMeasurePrice>
      <AllowDiscount>1</AllowDiscount>
      <ItemStatus>0</ItemStatus>
    </Item>
    <Item>
      <PriceUpdateDate>2024-12-25 06:40</PriceUpdateDate>
      <ItemCode>9000101509151</ItemCode>
      <ItemType>1</ItemType>
      <ItemName>ברף לאסלה אוקיינוס 42*3ג</ItemName>
      <ManufacturerName>הנקל סוד</ManufacturerName>
      <ManufactureCountry>RS</ManufactureCountry>
      <ManufacturerItemDescription>ברף ג'ל אסלה</ManufacturerItemDescription>
      <UnitQty>קילוגרמים</UnitQty>
      <Quantity>0.13</Quantity>
      <bIsWeighted>0</bIsWeighted>
      <UnitOfMeasure>ק"ג</UnitOfMeasure>
      <QtyInPackage>1</QtyInPackage>
      <ItemPrice>21.90</ItemPrice>
      <UnitOfMeasurePrice>168.46</UnitOfMeasurePrice>
      <AllowDiscount>1</AllowDiscount>
      <ItemStatus>1</ItemStatus>
    </Item>
    <Item>
      <PriceUpdateDate>2024-12-25 07:00</PriceUpdateDate>
      <ItemCode>9000101589085</ItemCode>
      <ItemType>1</ItemType>
      <ItemName>ברף בניחוח ויטלטי 3 * 50</ItemName>
      <ManufacturerName>הנקל</ManufacturerName>
      <ManufactureCountry>RS</ManufactureCountry>
      <ManufacturerItemDescription>ברף לאסלה 3 יח</ManufacturerItemDescription>
      <UnitQty>גרמים</UnitQty>
      <Quantity>150.00</Quantity>
      <bIsWeighted>0</bIsWeighted>
      <UnitOfMeasure>100 גרם</UnitOfMeasure>
      <QtyInPackage>1</QtyInPackage>
      <ItemPrice>21.90</ItemPrice>
      <UnitOfMeasurePrice>14.60</UnitOfMeasurePrice>
      <AllowDiscount>1</AllowDiscount>
      <ItemStatus>1</ItemStatus>
    </Item>
    <Item>
      <PriceUpdateDate>2024-12-25 06:50</PriceUpdateDate>
      <ItemCode>9000101804416</ItemCode>
      <ItemType>1</ItemType>
      <ItemName>פרסיל  קאפס יוניברסל44יח</ItemName>
      <ManufacturerName>---</ManufacturerName>
      <ManufactureCountry>RS</ManufactureCountry>
      <ManufacturerItemDescription>פרסיל קאפס ג'ל</ManufacturerItemDescription>
      <UnitQty>יחידה</UnitQty>
      <Quantity>1.00</Quantity>
      <bIsWeighted>0</bIsWeighted>
      <UnitOfMeasure>יחידה</UnitOfMeasure>
      <QtyInPackage>1</QtyInPackage>
      <ItemPrice>54.90</ItemPrice>
      <UnitOfMeasurePrice>54.90</UnitOfMeasurePrice>
      <AllowDiscount>1</AllowDiscount>
      <ItemStatus>1</ItemStatus>
    </Item>
    <Item>
      <PriceUpdateDate>2024-12-25 12:17</PriceUpdateDate>
      <ItemCode>9005800345291</ItemCode>
      <ItemType>1</ItemType>
      <ItemName>היידרה סקין גל מיסלר150מ</ItemName>
      <ManufacturerName>---</ManufacturerName>
      <ManufactureCountry>DE</ManufactureCountry>
      <ManufacturerItemDescription>היידרה סקין אפקט</ManufacturerItemDescription>
      <UnitQty>מיליליטרים</UnitQty>
      <Quantity>150.00</Quantity>
      <bIsWeighted>0</bIsWeighted>
      <UnitOfMeasure>100 מ"ל</UnitOfMeasure>
      <QtyInPackage>1</QtyInPackage>
      <ItemPrice>40.90</ItemPrice>
      <UnitOfMeasurePrice>27.27</UnitOfMeasurePrice>
      <AllowDiscount>1</AllowDiscount>
      <ItemStatus>1</ItemStatus>
    </Item>
    <Item>
      <PriceUpdateDate>2024-12-25 06:50</PriceUpdateDate>
      <ItemCode>9351450004256</ItemCode>
      <ItemType>1</ItemType>
      <ItemName>חטיף רולים קוקוס 140 גרם</ItemName>
      <ManufacturerName>---</ManufacturerName>
      <ManufactureCountry>LK</ManufactureCountry>
      <ManufacturerItemDescription>חטיף רולים קוקוס</ManufacturerItemDescription>
      <UnitQty>גרמים</UnitQty>
      <Quantity>140.00</Quantity>
      <bIsWeighted>0</bIsWeighted>
      <UnitOfMeasure>100 גרם</UnitOfMeasure>
      <QtyInPackage>1</QtyInPackage>
      <ItemPrice>20.90</ItemPrice>
      <UnitOfMeasurePrice>14.93</UnitOfMeasurePrice>
      <AllowDiscount>1</AllowDiscount>
      <ItemStatus>0</ItemStatus>
    </Item>
    <Item>
      <PriceUpdateDate>2024-12-25 06:50</PriceUpdateDate>
      <ItemCode>9421012620207</ItemCode>
      <ItemType>1</ItemType>
      <ItemName>בילואו וודקה )42כשר( 700</ItemName>
      <ManufacturerName>אלטיה קורפ, הלסינקי, פינ</ManufacturerName>
      <ManufactureCountry>IT</ManufactureCountry>
      <ManufacturerItemDescription>בילואו וודקה 42(כשר) 700</ManufacturerItemDescription>
      <UnitQty>מיליליטרים</UnitQty>
      <Quantity>700.00</Quantity>
      <bIsWeighted>0</bIsWeighted>
      <UnitOfMeasure>100 מ"ל</UnitOfMeasure>
      <QtyInPackage>1</QtyInPackage>
      <ItemPrice>89.90</ItemPrice>
      <UnitOfMeasurePrice>12.84</UnitOfMeasurePrice>
      <AllowDiscount>1</AllowDiscount>
      <ItemStatus>0</ItemStatus>
    </Item>
  </Items>
</root>